2446 3938
136 199 202 264 255
512 196 715 249 Σοοιεειοο
735 191 769 260 ς’.

135 346 295 427 τρείσθω·
346 340 449 425 λέγω,
491 335 543 406 ὅτι
585 335 603 404 5
644 347 677 405 A
719 334 901 424 ὁμώνυμον
921 322 1046 424 ’μέρος
1091 341 1162 424 ἔχει

135 451 181 539 τῷ
206 454 242 513 Β.

199 551 329 632 Ὁσάκις
352 550 414 639 γάρ
439 549 457 619 5
482 559 511 620 Β
533 578 593 619 τον
617 560 649 618 A
672 564 798 640 μετρεῖ,
826 555 987 619 τοσαῦται
1010 550 1161 636 μονάδες

137 665 286 728 ἔστωσαν
309 662 346 728 έν
369 663 416 752 τῷ
439 665 476 727 Γ.
523 658 593 726 ἐπεὶ
621 655 640 725 5
666 665 693 725 Β
721 655 781 726 τὸν
804 666 837 726 A
859 671 972 745 μετρεῖ
992 653 1077 724 κατὰ
1099 654 1161 736 τὰς

102 767 176 834 εἰν
204 768 250 853 τῷ
274 770 307 831 Γ
328 765 493 851 μονάδας,
526 777 639 852 μετρεῖ
665 763 703 831 55
729 763 786 831 καὶ
813 760 834 850 ἡ
860 771 893 830 A
915 760 1021 850 μονάς
1043 765 1106 830 τὸν
1129 767 1165 830 Γ

137 869 288 959 άριθμόν
309 866 393 938 κατὰ
415 873 473 950 τάς
496 872 533 938 έν
557 866 647 960 αὐτῷ
672 871 837 956 μονάδας,
861 867 969 949 ἰσάκις
992 866 1058 957 άροι
1081 865 1103 954 ἡ
1124 877 1160 935 A

137 975 243 1064 μονάς
269 974 329 1044 τὸν
353 981 385 1044 Γ
408 973 557 1063 ἀριθμὸν
585 989 697 1064 μετρεῖ
719 975 775 1043 κιιί
799 1001 823 1044 ο
842 983 872 1043 Β
894 973 954 1043 τὸν
978 984 1019 1042 A.
1061 975 1159 1041 ἐναλ-

137 1082 197 1164 λὰξ
221 1081 287 1171 άρα
310 1083 419 1162 ἰσάκις
440 1078 461 1168 ἡ
482 1090 516 1149 A
538 1080 644 1168 μονὰς
665 1079 726 1150 τὸν
744 1089 773 1150 Β
797 1079 948 1169 άριθμὸν
969 1094 1085 1169 μετρεῖ
1099 1080 1160 1148 καὶ

138 1187 156 1256 5
181 1195 214 1256 Γ
238 1188 298 1257 τὸν
325 1198 371 1256 Α·
409 1186 427 1256 5
458 1186 524 1277 άριι
554 1189 652 1276 μέρος
680 1189 772 1256 ἐστὶν
798 1185 820 1274 ἡ
849 1196 882 1255 A
909 1186 1015 1275 μονάς
1040 1190 1104 1255 τοῦ
1127 1194 1160 1255 Β

137 1400 242 1489 μονὰς
268 1405 329 1469 τοῦ
353 1409 381 1468 Β
410 1398 560 1487 ἀριθμοῦ
589 1403 689 1489 μέρος
718 1401 809 1469 ἐστὶν
838 1398 1020 1489 ὁμώνυμον
1048 1397 1160 1492 αὐτῷ·

136 1509 193 1575 καὶ
225 1505 244 1575 5
272 1513 305 1574 Γ
331 1505 396 1591 άρα
427 1511 489 1574 τοῦ
517 1515 550 1574 Α
581 1509 680 1596 μέρος
712 1507 803 1576 ἐστὶν
832 1506 1014 1594 ὁμώνυμον
1040 1510 1088 1600 τῷ
1118 1514 1159 1577 Β.

137 1612 222 1682 ὥστε
249 1612 268 1680 5
296 1621 328 1679 A
354 1614 455 1700 μέρος
482 1617 548 1701 ἔχει
575 1640 636 1682 τον
664 1619 697 1682 Γ
721 1612 903 1701 ὁμάννμον
932 1612 1014 1681 ὄντα
1040 1617 1088 1701 τῷ
1114 1620 1160 1682 Β·

138 1717 218 1807 ὅπερ
242 1721 311 1787 ἔδει
334 1721 447 1802 δεῖξαι.
523 1784 527 1791 .

86 1878 119 1926 15
610 1845 679 1930 λη’·

202 1965 291 2036 Ἐάν
325 1948 498 2056 άριθμίς
526 1969 643 2056 μέρος
671 1973 737 2056 ἔχῃ
767 1965 920 2054 ὁτιοῦν,
953 1963 1163 2055 ὑπὸ,ὃμω-

137 2075 268 2161 νύμον
291 2072 468 2163 ἀριθμοῦ
491 2066 784 2164 μετρηθήσεται
806 2078 856 2167 τῷ
880 2075 998 2164 μέρει.

198 2178 358 2269 Ἀριθμὸς
380 2180 444 2268 γὰρ
469 2178 487 2249 5
511 2190 544 2248 A
565 2181 664 2268 μέρος
688 2182 787 2269 έχέτω
811 2177 928 2249 ὁτιοῦν
951 2183 1011 2248 τὸν
1034 2187 1076 2266 Β,
1099 2181 1163 2249 καὶ

137 2290 183 2378 τῷ
203 2294 231 2354 Β
255 2287 347 2373 μέρει
371 2284 550 2374 ὁμώνυμος
573 2291 656 2354 ἔστω
678 2283 848 2375 [ἀριθμὸς]
870 2283 888 2354 5
908 2292 947 2354 Γ·
980 2287 1079 2373 λέγω,
1103 2287 1162 2356 ὅτι

84 2419 119 2468 20
138 2391 157 2460 5
181 2398 213 2460 Γ
231 2391 293 2461 τὸν
316 2400 348 2459 A
370 2405 489 2481 μετρεῖ.

203 2497 292 2566 Ἐτιεί
319 2495 383 2584 γάρ
411 2497 430 2566 5
454 2505 483 2566 Β
510 2501 572 2566 τοῦ
595 2507 627 2566 A
654 2498 753 2585 μέρος
780 2497 872 2566 ἐστὶν
901 2495 1086 2586 ὅμοι’ννμον
1109 2505 1161 2589 τῷ

137 2611 176 2690 Γ,
209 2609 279 2671 ἔστι
312 2604 349 2672 55
376 2604 432 2672 καὶ
459 2602 480 2690 ἡ
510 2612 543 2672 A
570 2607 675 2691 μονάς
702 2608 763 2672 τοῦ
791 2610 824 2672 Γ
846 2605 945 2692 μέρος
973 2602 1162 2692 ὁμώνυμον

138 2707 240 2801 αὐτῷ,
260 2707 278 2777 5
294 2708 359 2799 άρκ
373 2711 472 2799 μέρος
487 2711 578 2778 έστίν
593 2708 612 2797 ἡ
629 2718 662 2778 A
675 2707 781 2798 μονάς
802 2713 863 2777 τοῦ
882 2715 914 2777 Γ
932 2707 1094 2797 άριθμοῦ,
1120 2711 1163 2781 τὸ

139 2813 220 2884 αὐτὸ
244 2818 344 2904 μέρος
367 2816 436 2884 έστὶ
458 2816 514 2884 καὶ
538 2813 556 2885 5
576 2824 605 2884 Β
627 2818 689 2884 τοῦ
708 2825 752 2883 A·
785 2816 893 2896 ἰσάκις
915 2813 981 2905 ἄρα
1004 2812 1025 2902 ἡ
1043 2822 1079 2881 A
1096 2843 1163 2902 μο-

83 2949 120 2998 25
138 2921 199 3001 νὰς
225 2920 287 2989 τὸν
310 2927 343 2989 Γ
364 2920 513 3009 ἀριθμὸν
536 2935 650 3010 μετρεῖ
670 2922 725 2989 καὶ
750 2919 768 2990 5
789 2928 821 2989 Β
844 2920 905 2990 τὸν
928 2932 969 2990 A.
1015 2922 1162 3007 ἐναλλάξ

13 2034 80 2065 f

209 3106 234 3156 2.
254 3100 309 3172 τῷ]
332 3117 401 3155 corr.
422 3117 456 3155 ex
473 3119 505 3154 το
524 3117 561 3153 m.
580 3105 596 3153 2
615 3098 652 3161 V..
705 3105 730 3156 4.
749 3099 920 3185 τῷ]οιο.ρ.
977 3099 1017 3171 Γ]
1033 3115 1104 3155 eras.
1122 3101 1159 3156 V.

139 3178 181 3226 10.
200 3169 296 3243 μέρος]
315 3189 372 3241 mg.
391 3191 422 3240 φ.
515 3176 556 3224 13.
577 3170 617 3241 Γ]
644 3169 674 3224 in
698 3188 751 3226 rae.
775 3189 806 3238 φ.
844 3167 995 3240 ὁμωνυμον
1013 3164 1063 3224 τὸν
1084 3174 1113 3224 Γ
1129 3191 1159 3243 p.

138 3240 222 3314 ὄντα]
244 3239 289 3296 ὄν·
309 3259 393 3313 εορττ
410 3260 447 3296 m.
468 3240 531 3310 1Ρ;
547 3258 600 3297 om.
616 3259 643 3311 p.
700 3246 741 3296 15.
761 3240 792 3311 μ’
808 3240 870 3309 BV,
884 3241 906 3295 P
921 3260 958 3296 m.
973 3257 1039 3309 rec.;
1059 3237 1121 3311 μοι’·
1130 3261 1160 3313 p.

176 3319 217 3367 16.
237 3308 310 3384 5715]
331 3313 453 3369 m.2B.
543 3319 584 3368 18.
603 3309 665 3384 τόν]
684 3310 716 3367 τό
735 3312 799 3381 Ρφ,
818 3314 969 3367 etecorr.
989 3312 1023 3368 V.
1114 3319 1160 3370 19.

138 3378 291 3453 ὁμώνυμον
306 3403 333 3453 p.
408 3379 543 3456 ἀριθμός]
559 3401 612 3438 om.
628 3384 684 3452 Pp.
758 3389 800 3437 20.
819 3383 858 3454 A]
875 3400 943 3438 corr.
960 3399 993 3437 ex
1008 3387 1029 3436 Β
1043 3401 1062 3452 p
1076 3400 1116 3440 m.
1134 3393 1161 3443 2.

138 3459 182 3507 21.
203 3450 369 3580 {otlvyod
388 3457 442 3509 καί
455 3454 521 3523 ch.
593 3461 636 3509 22.
657 3453 732 3510 έστιν
751 3453 815 3524 ΡΒ,
835 3471 925 3524 comp.
945 3473 971 3524 p.
1045 3459 1088 3510 23.
1110 3455 1163 3526 μέ-

137 3544 186 3594 ρος
204 3546 260 3596 οιρα
303 3568 309 3580 .
