2446 3938
125 178 193 243 400
507 174 771 232 Στοιποιειιιν.

127 317 145 387 ὁ
171 326 203 387 Γ
222 319 378 408 περισσός
402 323 505 389 ἐστιν·
534 318 649 408 άρτιος
676 318 742 408 άρα
771 320 864 388 ἐστὶν
891 318 909 389 5
936 328 977 394 Γ.
1030 321 1161 393 ὥστεδ
1216 329 1217 332 ’

126 435 159 492 Α
186 424 247 493 τὸν
277 434 305 493 Β
338 440 452 516 μετρεῖ
481 425 642 515 ἀρτιάκις.
693 423 750 495 διδι
788 423 831 511 δὴ
863 429 968 495 τοῦτο
1005 430 1069 497 καλ
1101 430 1160 499 τὸν
1204 424 1207 429 ’

127 530 253 618 ἥμισυν
277 531 384 601 αὐτοῦ
407 532 577 620 μετρήσει·
602 530 683 620 ὅπερ
707 535 775 599 ἔδει
799 532 915 613 δεῖξαι.

602 725 666 795 λα’.

93 869 109 916 ο
193 849 281 918 Ἐάν
310 850 499 939 περισσὸς
526 848 701 938 άριθμδς
727 850 825 938 πρός
850 874 945 918 τινα
968 849 1157 942 ἀριθμὸν

125 961 277 1043 πρῶτος
295 948 333 1045 ᾖ,
356 958 421 1024 καὶ
439 955 536 1044 πρὸς
553 955 622 1024 τὸν
642 959 883 1024 διπλασίονα
901 953 1035 1028 αὐτοῦ
1055 964 1156 1048 πρῶ·

125 1089 191 1142 τος
214 1068 333 1131 ἔσται.

193 1169 362 1258 Περισσὸς
394 1168 458 1257 γάρ
491 1167 638 1259 άριθμδς
668 1166 686 1238 5
714 1179 747 1237 A
772 1170 857 1258 πρός
883 1192 961 1237 τινα
997 1166 1155 1261 άριδμδν

128 1274 189 1343 τὸν
213 1284 241 1344 Β
264 1281 396 1363 πρῶτος
419 1282 517 1360 ἔστω,
541 1280 603 1343 τοῦ
627 1275 665 1343 δδ
688 1282 717 1343 Β
741 1279 928 1344 διπλασίων
952 1280 1045 1347 ἔστω
1071 1276 1090 1347 5
1115 1284 1154 1346 Γ·

75 1412 108 1461 10
126 1384 227 1469 λέγω,
252 1381 303 1467 ὅτι
328 1381 346 1451 5
372 1393 403 1450 A
428 1384 510 1466 [καὶ]
533 1383 618 1471 πρὸς
639 1380 701 1450 τὸν
724 1387 757 1449 Γ
775 1380 906 1467 πρῶτός
930 1384 1046 1465 ἐστιν,

194 1492 238 1554 El
264 1486 329 1574 γάρ
357 1489 402 1574 μή
426 1496 513 1555 εἰσιν
537 1490 588 1572 [ολ
608 1496 655 1573 A,
673 1491 719 1572 Γ]
748 1490 889 1575 πρῶτοι,
918 1488 1084 1577 μετρήσει
1106 1516 1155 1571 τις

127 1590 251 1671 αὐτοὺς
273 1590 428 1679 άριθμός.
474 1599 647 1682 μετρείτω,
670 1592 727 1660 καὶ
750 1596 834 1660 ἔστω
858 1590 876 1661 5
900 1602 944 1663 A.
981 1602 1049 1664 καί
1065 1598 1154 1667 ἐστιν

128 1695 146 1765 5
174 1707 207 1765 A
238 1698 408 1786 περισσός·
440 1697 598 1787 περισσὸς
626 1698 693 1788 ἄρα
720 1698 776 1766 καὶ
804 1695 823 1767 5
852 1706 894 1767 A.
939 1699 1000 1768 παὶ
1033 1702 1108 1771 ἐπεὶ
1136 1698 1153 1771 5

129 1811 162 1869 A
184 1803 341 1892 περισσὸς
365 1800 414 1872 (δν
437 1804 499 1873 τὸν
522 1811 555 1873 Γ
573 1818 699 1894 μετρεῖ,
726 1810 787 1872 καί
807 1806 898 1873 ἐστιν
921 1801 940 1873 5
965 1812 999 1874 Γ
1027 1806 1153 1897 ἄρτιος,

76 1933 109 1982 15
128 1910 184 1978 καὶ
212 1909 273 1979 τὸν
302 1910 427 1996 ἥμισυν
455 1909 522 1999 ἄρα
544 1915 605 1979 τοῦ
629 1916 662 1977 Γ
684 1908 840 1998 μετρήσει
864 1907 896 1995 [5
920 1916 979 1996 A].
1029 1918 1096 1983 τοῦ
1119 1913 1154 1983 δὲ

128 2023 160 2084 Γ
178 2016 283 2105 ἥμισύ
307 2019 399 2085 ἐστιν
423 2014 441 2085 5
465 2024 508 2084 Β·
532 2014 550 2085 5
576 2025 610 2084 A
631 2015 699 2103 άρα
721 2014 783 2085 τὸν
812 2024 841 2085 Β
868 2030 990 2106 μετρεῖ.
1042 2033 1156 2110 μετρεῖ

128 2123 166 2191 δὲ
188 2123 245 2190 καὶ
268 2121 328 2190 τὸν
357 2131 397 2190 A.
441 2121 459 2191 5
485 2132 518 2190 A
540 2121 606 2212 ἄρα
630 2119 708 2202 τοὺς
732 2131 779 2207 A,
798 2130 827 2189 Β
856 2136 979 2210 μετρεῖ,
991 2126 1151 2213 πρώτους

128 2231 228 2310 ὄντας
246 2226 330 2318 πρὸς
349 2226 527 2316 ἀλλήλους·
552 2227 633 2314 ὅπερ
657 2229 749 2296 ἐστὶν
772 2226 954 2298 άδάνατον.
995 2228 1066 2300 οὐκ
1088 2231 1153 2322 ἄρα

128 2332 146 2402 5
172 2345 204 2402 A
236 2334 319 2424 πρὸς
345 2334 407 2404 τὸν
434 2342 467 2403 Γ
493 2339 624 2424 πρῶτος
654 2334 718 2403 οὔκ
745 2337 844 2402 ἐστιν.
887 2336 922 2402 οί
947 2344 997 2423 A,
1024 2344 1061 2406 Γ
1089 2337 1154 2427 ἄρα

74 2473 109 2522 20
128 2446 254 2529 πρῶτοι
276 2447 360 2530 πρὸς
382 2440 549 2529 ἀλλήλους
571 2445 671 2510 είσίν·
696 2440 777 2529 ὅπερ
801 2443 870 2508 ἔδει
893 2441 1010 2522 δεῖξαι.

606 2633 670 2722 λβ’.

199 2763 284 2828 Τεόν
303 2758 377 2828 ἀπὸ
399 2759 547 2839 δύαδος
567 2757 939 2844 διπλασιαζομένων
959 2740 1153 2850 Apamea&

128 2865 290 2945 ἕκαστος
314 2864 493 2954 ἀρτιάκις
516 2863 655 2954 άρτιός
679 2866 760 2931 ἐστι
783 2861 917 2950 μόνον.

190 2968 268 3039 Ἀπὸ
297 2975 360 3060 γάρ
390 2970 515 3051 δάαδος
542 2975 601 3059 τῆς
628 2982 661 3038 Α
690 2968 1035 3038 δεδιπλασιάσθωσαν
1060 2971 1154 3044 ὁσοι-

201 3175 224 3222 1.
244 3163 319 3223 ἐστὶν
339 3163 354 3223 5
376 3169 414 3241 Γ]
434 3164 449 3223 5
472 3169 551 3236 FV,
572 3163 647 3222 ἐστίν
665 3166 695 3221 F.
788 3171 812 3219 λ.
832 3164 934 3219 τοῦτον
953 3184 984 3234 φ.
1081 3167 1153 3243 τόν]

127 3236 159 3294 τό
179 3239 208 3295 Ρ.
273 3247 298 3295 3.
317 3235 403 3310 ἥμισυ
422 3239 480 3295 PF.
544 3234 614 3307 ὅπερ
634 3237 694 3293 ἔδει
712 3236 826 3308 δείξαι]
845 3254 883 3290 m.
901 3242 918 3290 λ
938 3236 972 3305 V,
992 3252 1050 3292 om.
1065 3238 1153 3312 Bffq.

129 3317 154 3364 6.
174 3308 323 3366 διπλάσιον
341 3312 402 3367 BV.
462 3319 487 3366 9.
507 3306 653 3372 διπλάσιος
671 3309 727 3376 Vq.
794 3313 836 3362 10.
854 3307 919 3377 καί]
941 3323 996 3363 om.
1015 3306 1049 3364 P.
1110 3320 1153 3368 11.

129 3378 210 3449 οίΑ,
231 3383 270 3454 Γ]
291 3401 375 3452 supra
393 3383 514 3437 m.1P.
599 3374 1153 3452 12.ualssom-13:5A]mg.m.

128 3456 144 3503 2
168 3453 198 3507 V.
265 3461 306 3507 12.
327 3453 418 3541 ἐστιν]
445 3451 511 3508 ἐπεί
531 3450 607 3510 ἐστιν
630 3455 668 3520 F3
694 3450 762 3506 ἔστω
783 3468 811 3520 q.
866 3456 908 3504 13.
927 3448 1064 3519 περισσὸς
1082 3450 1153 3526 ἄρα]

129 3519 205 3576 ἔστιν
224 3519 280 3592 ἄρα
299 3524 478 3590 περιοσοςΒ.
553 3530 594 3580 15.
612 3519 699 3594 ἥμισυ
717 3522 748 3577 Β.
822 3516 901 3592 5A]
922 3536 977 3576 om.
996 3518 1028 3575 P.
1109 3532 1154 3583 16.
