2446 3938
370 185 645 238 ELEMENTORUM
662 186 771 236 LIBER
788 186 847 239 VH.
1050 183 1113 248 201

102 328 136 391 in
169 348 244 392 suas
277 328 421 394 unitates
449 348 661 413 unaquaeque
688 327 795 392 u'nitas
822 327 856 391 in
883 331 949 393 ΒΓ
973 349 1117 411 compre·

344 435 447 520 henqa
475 457 552 520 pars
576 435 687 519 aliqua
710 434 773 498 erit
794 434 921 498 numeri
944 441 989 518 A3
1017 455 1116 520 quare

186 551 209 600 Β
344 544 412 606 ΒΓ
429 541 554 606 numeri
577 546 609 605 A
632 543 741 624 partes
765 543 867 605 erunt.

410 649 548 737 iamne
577 648 643 712 sint
669 653 715 730 A,
739 649 806 711 ΒΓ
830 646 915 710 inter
943 668 977 710 se
1009 647 1115 731 primi.

344 754 455 838 itaque
474 757 540 818 ΒΓ
550 759 608 819 aut
622 750 755 817 metitur
769 758 801 816 A
816 755 873 817 aut
886 774 953 817 non
974 752 1117 818 messitur.

259 881 282 953 ’-
344 861 410 924 iam
434 861 463 926 si
486 863 553 925 ΒΓ
571 861 707 924 metitur
729 863 772 942 A,
796 880 872 942 pars
896 862 946 923 es’n
969 862 1035 924 ΒΓ
1057 881 1116 922 nu-

283 1002 308 1050 A
344 967 425 1030 meri
448 972 488 1030 A.
526 966 577 1030 sin
600 966 718 1050 minus,
742 968 889 1030 sumassur
909 987 1117 1030 numerorum

136 1125 157 1139 ,
187 1107 229 1156 Γ,
263 1129 281 1137 -
344 1076 390 1154 A,
409 1074 476 1135 ΒΓ
507 1071 649 1136 mxima
685 1093 837 1136 mensura
870 1071 1050 1136 eommunis
1084 1075 1117 1134 A

106 1179 214 1260 [prop.
233 1176 301 1259 II],
338 1180 371 1241 et
408 1177 572 1242 diuidatur
603 1180 672 1242 ΒΓ
702 1177 738 1240 in
774 1181 883 1260 partes
915 1198 1050 1242 numero
1084 1182 1117 1239 A

106 1283 271 1367 aequales,
298 1286 375 1367 BE,
399 1288 473 1365 EZ,
500 1287 569 1350 ΖΓ.
616 1289 649 1348 et
676 1284 831 1368 quoniam
856 1288 889 1347 A
915 1283 1050 1346 metitur
1077 1288 1117 1364 A,

104 1411 179 1473 pars
208 1392 259 1454 est
287 1395 320 1454 Δ
346 1391 472 1454 numeri
499 1394 540 1454 A.
587 1390 643 1454 sed
671 1389 1118 1454 A=BE==EZ=ZR

104 1517 202 1580 quare
234 1496 333 1561 etiam
365 1497 585 1582 unusquisque
617 1518 826 1562 numerorum
856 1501 932 1581 BE,
956 1499 1033 1579 EZ,
1056 1495 1122 1558 ΖΓ

103 1625 179 1686 pars
199 1605 248 1667 est
265 1602 392 1667 numeri
414 1607 456 1668 A.
488 1625 586 1686 quare
609 1606 675 1675 ΒΓ
700 1607 809 1686 partes
833 1607 910 1668 sunt
931 1601 1057 1667 numeri
1078 1606 1117 1664 A.

171 1707 390 1803 Ergo'minor
411 1730 564 1773 numerus
582 1709 716 1773 maioris
741 1731 867 1793 semper
889 1711 946 1773 aut
968 1731 1044 1792 pars
1069 1717 1119 1772 est

106 1819 162 1879 aut
184 1819 309 1900 partes,
333 1814 418 1899 qubd
443 1818 512 1878 erat
536 1814 829 1878 demonstrandum.

590 2024 631 2091 V.

82 2149 87 2156 ’
173 2149 207 2217 si
234 2172 389 2215 numerus
416 2150 541 2214 numeri
574 2170 651 2233 pars
684 2152 746 2232 est,
779 2150 812 2211 et
845 2147 928 2211 alius
966 2167 1119 2210 numerus

106 2259 187 2322 alius
219 2258 362 2322 numeri
379 2256 491 2321 eadem
520 2277 610 2341 pare,
648 2255 747 2319 etiam
785 2257 918 2336 uterque
950 2252 1120 2335 utriusque

107 2365 219 2428 eadem
241 2387 319 2448 pars
343 2364 418 2447 erit,
442 2385 524 2447 quae
547 2385 631 2428 unus
654 2363 759 2426 unius

494 2493 571 2535 nam
592 2491 745 2534 numerus
766 2473 799 2532 A
818 2488 945 2558 numen
936 2467 1025 2530 ΒΓ
1045 2487 1120 2549 pars

429 2577 485 2662 sit,
523 2581 556 2641 et
587 2577 668 2641 alius
700 2582 853 2639 numerus
882 2579 915 2637 A
948 2573 1030 2638 alius
1063 2595 1120 2636 nu-

141 2767 160 2774 -
194 2593 244 2776 VH
420 2684 510 2752 ⁴meri
544 2687 607 2747 ΒΖ
640 2682 752 2747 eadem
779 2703 855 2766 pars
886 2681 941 2762 sit,
975 2700 1057 2764 quae
1087 2683 1119 2742 A

118 2780 161 2957 A]
196 2777 214 2957 Ι
268 2811 287 2960 l
287 2842 312 2890 A
428 2789 556 2861 numeri
574 2791 645 2854 ΒΓ.
687 2789 773 2872 dico,
792 2788 891 2852 etiam
910 2793 943 2850 A
958 2789 998 2868 -Ι-
1015 2791 1118 2849 Anu-

217 2909 242 2958 Γ
341 2929 380 2978 ,Ζ
429 2895 510 2958 meri
520 2897 641 2977 ΙΒΓ-ἦ-
658 2898 722 2958 EZ
737 2894 871 2958 eandem
894 2897 1021 2977 parbem
1041 2914 1120 2974 esse,

432 3021 514 3083 quae
537 3000 582 3064 sit
603 3005 636 3067 A
657 3000 785 3064 numeri
808 3001 879 3063 ΒΓ.

173 3127 250 3170 nam
275 3105 429 3188 quoniam
454 3126 534 3188 quae
558 3128 634 3190 pars
659 3110 709 3170 est
727 3111 759 3169 A
776 3105 903 3168 numeri
921 3107 992 3186 ΒΓ,
1011 3103 1122 3166 eadem

338 2629 381 2679 -E

144 3374 187 3425 22.
208 3368 303 3440 μέρος]
325 3367 410 3439 μέρος
429 3363 622 3437 ἑστίη-ιω.
638 3364 827 3434 2ecorr..)V
883 3371 924 3422 23.
932 3364 1060 3455 λέγω-
1026 3372 1122 3421 -25·

109 3440 178 3510 ΒΓ]
197 3457 253 3509 mg
273 3457 309 3495 m.
330 3439 398 3495 2V.
482 3445 524 3493 24.
545 3439 668 3510 EZ]F,
688 3441 786 3508 ΒΖφ
868 3443 909 3494 26.
929 3432 963 3511 ὅ]
984 3455 1121 3508 supram.

107 3510 174 3564 1V.
246 3507 278 3565 τὸ
300 3506 389 3580 αὐτό]
408 3509 541 3566 τοῦτοΡ.
