2446 3938
360 200 634 253 ιιιιιιιιιιοιιιιιι
651 201 760 252 omne
777 202 837 253 vn.
1040 197 1106 277 231

546 375 644 461 XX.¹)

161 501 297 567 Numeri
320 503 447 567 minimi
470 523 595 586 eorum,
624 502 680 586 qui
704 500 840 566 eandem
863 523 900 566 ee
922 501 986 587 ipsi
1008 503 1106 568 retio-

93 629 167 672 nem
190 607 327 687 hebent,
355 630 508 674 numeros
533 607 667 672 eandem
689 608 850 673 rationem
872 607 1030 673 hebentes
1054 631 1107 674 ee-

95 714 237 798 qualiter
255 714 444 797 metiuntur,
464 713 569 778 maior
587 713 743 778 maiorem
762 718 796 778 et
813 710 1108 783 minor'minorem.

325 817 398 884 Sint
422 821 507 884 enim
521 822 592 903 ΓΔ,
607 823 670 884 ΕΖ
689 820 815 884 minimi
838 820 965 886 numeri
990 841 1109 904 eorum,

257 927 312 1011 qui
340 927 476 992 eandem
508 926 670 990 rationem
701 925 835 1010 habent,
870 948 969 1010 quam
1002 930 1048 1010 A,
1070 929 1109 991 Β.

93 1028 96 1034 ’
186 1069 207 1117 B
257 1032 342 1117 dieo,
374 1036 437 1098 ΓΛ
469 1054 638 1096 numerum
671 1036 703 1096 A
726 1036 759 1096 et
782 1036 844 1096 ΕΖ
876 1053 1047 1098 numerum
1079 1036 1108 1097 Β

257 1140 435 1223 aequaliter
458 1139 574 1203 metiri.

323 1266 400 1309 nem
423 1247 485 1309 ΓΔ
507 1243 632 1308 numeri
655 1247 687 1306 A
709 1265 776 1308 non
799 1248 848 1308 est
871 1250 990 1328 partes.
1031 1267 1110 1312 nam

258 1349 286 1414 si
315 1350 384 1414 fieri
409 1353 527 1435 potest,
552 1350 603 1414 sit.
645 1371 744 1433 quare
764 1349 863 1414 etiem
892 1355 955 1414 ΕΖ
983 1353 1109 1417 numeri
1169 1337 1171 1341 ¹

257 1461 286 1522 Β
315 1457 445 1522 eaedem
477 1460 586 1541 partes
616 1460 706 1540 sunt,
739 1478 822 1541 quae
845 1459 907 1521 ΓΛ
928 1457 1056 1522 numeri
1077 1464 1110 1522 A

258 1565 363 1647 [prop.
382 1561 470 1646 XIII,
491 1561 551 1626 def
571 1563 786 1647 20].iteque
807 1567 887 1647 quot
901 1564 1025 1629 suntin
1047 1568 1110 1630 ΓΛ

119 1721 213 1777 PE
257 1673 332 1754 part
334 1692 368 1733 es
391 1668 516 1733 numeri
540 1674 585 1750 A,
608 1672 659 1733 tot
682 1669 780 1733 etiam
805 1671 914 1733 sunt
905 1691 939 1733 ιιι
964 1675 1026 1734 ΕΖ
1049 1695 1109 1737 nu-

105 1764 108 1963 N
177 1761 181 1900 ι
259 1717 839 1855 mer1Bpartes.diuideturI'A1n
855 1776 930 1858 ΓΗ,
944 1779 1018 1840 ΗΔ
1036 1801 1110 1862 per-

169 1875 215 1926 Θ
259 1882 309 1940 tes
332 1876 458 1940 numeri
482 1881 522 1956 A,
541 1879 604 1938 ΕΖ
628 1879 771 1941 autem
761 1900 797 1941 ιιι
819 1883 891 1962 ΕΘ,
909 1885 970 1944 ΘΖ
1000 1887 1109 1965 partes

99 1957 149 2006 H
170 1910 210 2075 ΒΖ
259 1980 386 2045 numeri
411 1983 449 2043 B.
497 1978 558 2042 erit
580 1980 679 2064 igitur
703 1982 876 2046 multitudo
901 2006 1109 2054 numerorum

259 2090 342 2171 ΓΗ,
364 2089 438 2150 ΗΔ
475 2083 587 2149 multit
572 2085 678 2150 tudini
714 2107 924 2150 numerorum
956 2093 1031 2173 ΕΘ,
1050 2097 1111 2156 ΘΖ

18 2233 21 2238 -
97 2179 142 2228 -A
260 2194 414 2279 aequalis.
439 2195 472 2256 et
486 2191 638 2275 quoniam
649 2194 723 2256 ΓΗ
728 2221 770 2245 ==
781 2194 821 2255 H
822 2195 855 2253 A
870 2195 902 2255 et
916 2196 1112 2282 ΕΘΞΘΖ,

98 2305 131 2366 et
158 2302 332 2367 multitudo
355 2319 563 2365 numerorum
592 2301 667 2383 ΓΗ,
691 2302 766 2363 ΗΔ
787 2298 931 2382 aequalis
955 2303 1005 2363 est
1032 2303 1111 2367 mul-

97 2409 231 2474 titudini
254 2428 463 2472 numerorum
487 2408 563 2486 ΕΘ,
586 2408 660 2487 ΘΖ,
685 2404 748 2469 erit

396 2513 814 2576 rH2Ee=HA2en

98 2642 196 2706 quare
220 2620 320 2685 etiam
342 2622 379 2683 ut
402 2639 485 2683 unus
508 2615 770 2700 praecedentium
794 2616 835 2681 ad
857 2639 957 2682 unum
980 2639 1113 2701 sequen·

97 2729 188 2810 tium,
206 2728 252 2791 ite
272 2746 383 2791 omnes
397 2721 625 2808 praecedentes
640 2722 680 2786 ed
696 2745 808 2788 omnes
823 2725 993 2806 sequentes
1009 2726 1113 2809 [prop.

102 2830 191 2910 XII].
237 2852 336 2916 quare
364 2832 436 2894 ΓΗ
446 2831 772 2893 εΕΘτ-τΓΛτΕΖ.
818 2829 926 2913 itaque
949 2833 1030 2915 PH,
1052 2836 1116 2896 ΕΘ

114 1192 135 1240 A

172 3025 198 3092 1)
217 3021 259 3076 De
272 3019 462 3090 propositione
475 3019 521 3076 hio
536 3020 639 3075 omisso
652 3020 723 3074 haee
737 3020 823 3075 hebet
836 3020 994 3091 Campanus
1003 3022 1063 3089 VH,
1079 3029 1114 3077 20

101 3093 178 3150 adds
198 3110 255 3148 non
273 3091 407 3173 proponit
425 3093 522 3145 eutem
539 3090 671 3146 Euclides
685 3091 720 3144 de
739 3091 828 3145 tribus
846 3092 969 3147 numeris
984 3063 1114 3147 continue

42 3180 45 3185 '
98 3168 215 3236 proport
203 3161 371 3230 tionolibus,
390 3162 465 3230 quod
483 3161 532 3217 ille
551 3161 600 3230 qui
614 3177 648 3216 ex
663 3161 750 3215 ductu
767 3160 853 3230 primi
870 3161 900 3216 in
918 3159 1061 3243 tertium
1052 3181 1115 3246 pro·

99 3237 224 3302 duoitnr,
249 3233 286 3289 sit
309 3203 438 3302 eeqirnlis
456 3232 595 3301 quadrato
618 3231 718 3298 medii,
742 3234 771 3286 et
789 3231 813 3285 si
831 3231 880 3287 ille
899 3232 949 3301 qui
968 3248 1002 3285 ex
1024 3234 1115 3302 primo

98 3308 129 3362 in
150 3278 267 3362 tertiirm
289 3303 466 3387 produntur,
494 3302 580 3357 fuerit
603 3273 730 3372 aequalis
750 3302 889 3372 quadrato
899 3250 1010 3371 qmedii,
1039 3305 1116 3388 quod

98 3377 143 3432 illi
160 3380 218 3432 tres
236 3375 347 3430 numeri
365 3375 423 3430 sint
441 3373 573 3430 continue
590 3372 828 3454 proportionales,
848 3374 920 3428 sieut
937 3375 1093 3444 proponit
1085 3394 1116 3430 m

101 3455 133 3503 16
157 3446 229 3503 sexti
251 3446 286 3500 de
315 3446 405 3502 tribur
429 3446 520 3500 lineis
557 3445 611 3499 hoo
634 3443 708 3499 enim
733 3444 817 3499 feeile
835 3445 1042 3500 demonstretur
1065 3463 1116 3517 per

98 3520 172 3574 hene
190 3525 224 3573 20
243 3519 308 3572 cett.
