2446 3938
126 213 189 276 102
501 209 703 262 Σοοωοιιςια
722 203 762 261 ς’.

121 360 228 429 ΑΒΓ
260 357 437 440 τρίγωνον·
485 348 642 438 ἑκάτερον
679 347 745 438 ἄρα
786 353 853 418 τών
891 354 1007 435 ΑΒΔ,
1034 352 1145 415 ΑΔΓ
1178 376 1181 381 ·

126 458 326 547 [τριγώνων]
352 456 472 544 ὅμοιόν
496 459 587 524 ἐστιν
611 455 679 544 ὅλῳ
702 457 747 547 τῷ
772 460 880 523 ΑΒΓ.

191 566 288 651 Λέγω
313 562 371 651 δή,
396 563 447 632 ὅτι
469 563 525 631 καὶ
549 559 707 649 ἀλλήλοις
728 561 820 629 ἐστὶν
844 561 944 648 ὅμοια
962 558 1002 627 τὰ
1022 566 1140 646 ΑΒΔ,

126 678 237 765 ΑΔΓ
254 669 408 757 τρίγωνα.

90 790 106 840 5
190 775 280 845 Ἐπεί
301 775 367 864 γὰρ
392 773 481 864 ὀρθὴ
505 773 526 862 ἡ
550 773 618 844 ὑπὸ
641 780 748 862 ΒΔΙΑ
772 774 862 865 ὀρθῇ
886 781 926 865 τῇ
950 773 1015 844 υπὸ
1035 782 1145 844 ΑΔΓ

126 885 217 952 ε’στιυ
240 892 312 970 ἴση,
335 880 419 950 ἀλλὰ
443 879 509 968 μὴν
532 882 588 949 καί
611 878 631 968 ἡ
656 879 722 951 ὑπὸ
747 891 852 950 ΒΑΔ
874 886 914 972 τῇ
937 881 1021 971 πρὸς
1042 885 1088 975 τῷ
1112 887 1145 950 Γ

127 993 263 1078 ἐδείχθη
293 997 363 1075 ἴση,
391 988 447 1055 καί
477 985 575 1074 λοιπὴ
604 985 671 1074 ἄρα
697 985 718 1074 ἡ
747 986 831 1072 πρὸς
853 992 899 1081 τῷ
923 996 952 1056 Β
975 992 1074 1076 λοιπῇ
1097 991 1140 1076 τῇ

45 1120 49 1125 ·
126 1094 192 1164 ὑπὸ
221 1100 333 1183 ΔΑΓΙ
352 1097 441 1164 ἐστιν
469 1102 538 1179 ἴση·
571 1093 753 1180 ίσογώνιον
782 1089 940 1182 ἄρα’ἐστῖ
967 1093 1005 1162 τὸ
1035 1101 1142 1162 ΑΒΔ

125 1206 302 1290 τρίγωνον
321 1203 367 1293 τῷ
396 1205 504 1268 ΑΔΓ
527 1198 689 1292 τριγώνῳ.
735 1205 826 1269 ἔστιν
860 1199 926 1289 ἄρα
955 1197 998 1281 ὡς
1026 1197 1046 1286 ἡ
1071 1207 1143 1268 ΒΔ

76 1312 187 1378 1οτοὑ
211 1315 317 1376 ΑΒΔ
338 1305 506 1396 τριγώνου
524 1303 748 1374 ὑποτείνουσα
766 1306 829 1393 τὴν
847 1304 913 1374 ὑπὸ
934 1313 1039 1374 ΒΑΔ
1056 1303 1143 1392 πρὸς

124 1414 187 1501 τὴν
213 1422 283 1480 ΔΑ
305 1416 366 1480 τοὺ
384 1418 493 1480 ΑΔΓ
511 1410 678 1500 τριγώνου
701 1409 948 1480 ὑποτείνουσαν
970 1411 1033 1499 τὴν
1056 1409 1142 1498 πρὸς

125 1523 170 1610 τῷ
199 1523 232 1585 Γ
256 1526 336 1604 ἴσην
360 1521 400 1608 τῇ
428 1515 494 1586 ὑπὸ
523 1525 644 1603 ΒΑΔ,
676 1518 784 1598 οὕτως
814 1517 897 1605 αὑτὴ
931 1515 1048 1605 ἡΛΔ
1076 1521 1139 1586 τοὺ

125 1633 233 1694 ΑΒΔ
264 1625 431 1714 τριγώνου
461 1623 687 1694 ὑποτείνουσα
722 1623 784 1712 τὴν
822 1624 906 1713 πρὸς
936 1628 982 1717 τῷ
1013 1633 1041 1693 Β
1074 1651 1140 1711 γω-

126 1737 205 1802 νίαν
228 1731 312 1821 πρὸς
334 1731 397 1819 τὴν
422 1738 492 1799 ΔΓ
510 1729 757 1799 ὑποτείνουσαν
779 1732 841 1818 τὴν
864 1728 931 1800 ὑπὸ
957 1736 1064 1800 ΔΑΓ
1078 1735 1141 1800 τοῦ

74 1847 108 1898 15
128 1844 236 1906 ΑΔΓ
259 1837 426 1928 τριγώνου
454 1847 531 1925 ἴσην
558 1843 598 1927 τῇ
627 1837 711 1927 πρὸς
736 1841 782 1929 τῷ
806 1845 850 1924 Β,
879 1838 935 1905 καὶ
959 1842 1007 1905 ἔτι
1029 1834 1059 1924 ἡ
1074 1845 1143 1905 ΒΑ

126 1943 211 2032 πρὸς
236 1943 299 2032 τὴν
327 1950 397 2013 ΑΓ
421 1941 658 2014 ὑποτείνουσαι
684 1944 744 2024 τὰς
771 1942 891 2033 ὀρθάς·
924 1944 1044 2031 ὅμοιον
1074 1941 1143 2031 ἄρα

126 2049 252 2119 ἐστὶ
218 2076 257 2120 το
282 2058 391 2118 ΑΒΔ
412 2055 579 2139 τρίγωνον
601 2055 648 2143 τῷ
672 2056 781 2119 ΑΔΓ
799 2048 961 2142 τριγώνῳ.

144 2155 321 2226 Ἐὰν”
298 2185 365 2246 αρα
395 2160 432 2226 ἐν
456 2119 657 2250 ὀρθογωνίου
685 2155 837 2249 τριγώνῳ
862 2154 927 2224 ἀπὸ
950 2160 1009 2243 τῆς
1032 2153 1143 2244 ὀρθης

82 2268 253 2350 γωνίας
284 2264 337 2332 ἐπὶ
370 2287 432 2349 την
463 2263 564 2348 βασιν
596 2261 740 2342 κάθετος
771 2260 873 2351 ἄχθη,
905 2261 946 2329 τὰ
982 2263 1068 2351 πρὸς
1098 2266 1141 2351 τῇ

73 2378 109 2428 20
127 2371 339 2462 καθέτῳί
282 2397 321 2459 τρ
324 2375 430 2456 ίγωνα
453 2366 554 2455 ὅμοιοί
576 2371 645 2437 ἐστι
667 2394 713 2460 τῳ
736 2392 772 2435 τε
795 2367 863 2460 ὅλῳ
895 2368 952 2435 καὶ
982 2363 1141 2455 αλλήλοις

130 2476 225 2563 [ὅπερ
250 2479 318 2543 ἔδει
342 2474 469 2555 deveat}

536 2674 575 2733 Π
576 2663 594 2734 ό
601 2686 728 2753 ρισμα.

191 2788 246 2857 Ἐκ
275 2790 316 2877 δὴ
345 2788 468 2857 τούτου
495 2789 661 2878 φανερόν,
695 2791 746 2859 ἔτι
779 2791 839 2860 ἐὰν
872 2793 909 2859 ἐν
937 2788 1140 2884 ὀρθογωνίῳ

127 2893 371 2987 τρηώνῳιίπὸ
394 2899 453 2982 τῆς
476 2892 583 2984 ὀρθῆς
605 2902 730 2983 γωνίας
753 2898 807 2966 ἐπὶ
829 2924 891 2986 την
914 2896 1016 2985 βάσιν
1038 2897 1141 2966 κάθε-

73 3017 107 3068 25
128 3028 185 3084 τος
220 3000 326 3092 ἄχθη,
363 2999 384 3089 ἡ
421 2999 565 3089 ἀχθεῖσα
601 3007 669 3071 τών
705 3007 765 3092 τῆς
800 3004 930 3091 βάσεως
961 3003 1142 3092 τμημάτων

130 3112 213 3198 μίση
243 3106 414 3196 ἀνάλογόν
445 3109 548 3177 ἐστιν·
577 3109 658 3197 ὅπερ
687 3115 756 3178 ἔδει
787 3112 892 3192 δεῖξαι
916 3109 985 3195 [καί
1009 3115 1057 3178 ἔτι
1084 3115 1144 3198 τῆς

202 3328 224 3377 1.
238 3321 387 3408 τρίγωνον]
402 3339 456 3377 om.
478 3322 559 3393 BFp.
632 3329 658 3378 2.
678 3319 832 3409 τριγώνων]
852 3339 907 3378 om.
930 3324 961 3378 Ρ.
997 3363 1000 3369 -
1040 3317 1142 3393 ομοιόν

36 3455 37 3458 ¹
128 3387 205 3448 ἔστιν
235 3387 302 3463 ὅλῳ]
332 3409 385 3446 om.
413 3393 447 3448 V.
533 3396 616 3446 ΑΒΓ
639 3390 764 3467 τριγώνῳ
792 3387 891 3466 ὅλῳ
876 3390 976 3463 ομοιόν
1005 3389 1080 3449 ἐστιν
1106 3393 1140 3448 V

165 3467 190 3518 ὀ.
215 3463 314 3534 ΒΔΑ]
339 3467 361 3515 Β
385 3478 400 3516 e
425 3479 494 3518 corr.
518 3481 555 3518 m.
579 3466 652 3522 Π.
727 3471 750 3520 7.
769 3447 864 3551 λοιιίῇ]
889 3481 958 3519 corr
984 3481 1018 3519 ex
1040 3465 1141 3534 λοιπῆς

130 3550 168 3589 m.
189 3531 252 3590 lF.
326 3537 350 3588 8.
371 3527 444 3605 ἐστί]
465 3527 539 3588 ἐστίν
558 3533 615 3591 PF.
690 3541 730 3590 ll.
750 3555 801 3604 την
816 3519 885 3606 ΔΑ]
901 3555 933 3607 τη
921 3535 1051 3601 ΔΑΓ
1071 3552 1143 3591 corr
