2446 3938
147 206 213 272 368
520 211 724 263 ΣΤΟΙΧΕΙΩΝ
740 207 784 267 θ’.

150 351 270 436 μηδενὶ
294 354 362 418 τῶν
385 360 427 436 A,
448 359 487 437 Β,
507 357 539 418 Γ
557 357 640 420 ἔστω
664 349 683 420 6
707 349 819 432 αὐτός.
855 353 1008 443 φανερὸν
1034 356 1091 443 δή,
1119 355 1170 426 ὅτι

149 482 167 523 ο
193 463 224 523 Ε
244 461 374 542 πρῶτος
397 457 460 525 οὔκ
484 461 582 525 ἐστιν.
624 463 655 525 εἰ
676 457 741 545 γὰρ
765 456 783 527 6
809 467 840 526 E
860 461 992 548 πρῶτός
1015 462 1090 529 ἐστι
1113 465 1171 533 καὶ

148 576 262 649 μετρεῖ
282 561 342 630 τὸν
367 571 414 648 A,
441 564 497 629 καὶ
523 561 584 630 τὸν
608 573 640 630 Α
667 564 820 651 μετρήσει
843 568 977 653 πρῶτον
1001 563 1090 634 ὄντα
1122 569 1168 656 μή

151 664 201 735 ὢν
220 664 310 758 αὐτῷ
331 664 349 735 6
373 666 486 749 αὐτός·
515 667 596 757 ὅπερ
620 669 710 737 ἐστὶν
734 666 914 739 ἀδύνατον.
955 669 1019 739 οὐκ
1050 671 1121 763 ἄρα
1150 673 1169 742 6

117 780 184 839 σΕ
214 773 344 859 πρῶτός
366 775 466 842 ἐστιν.
513 774 678 854 σύνθετος
708 772 784 862 ἄρα.
834 785 898 854 πᾶς
930 775 968 843 δὲ
997 777 1171 860 σύνθετος

149 879 296 966 ἀριθμὸς
322 876 389 946 ὑιτὸ
418 879 553 967 πρώτον
579 878 672 959 τινὸς
699 876 850 967 ἀριθμοῦ
878 895 1059 970 μετρεῖται·
1088 882 1108 952 6
1139 892 1172 953 Ε

150 986 217 1072 ἄρα
239 982 305 1052 ὑπὸ
330 985 464 1073 πρώτου
486 984 578 1065 τινὸς
600 983 753 1075 ἀριθμοῦ
775 999 949 1074 μετρεῖται.
995 991 1085 1076 λέγω
1111 991 1166 1078 δή,

149 1201 211 1265 τοῦ
239 1206 279 1265 A.
325 1203 356 1265 εῖ
382 1197 446 1287 γὰρ
474 1195 535 1284 ὑφ’
565 1199 681 1286 ἑτέρον
708 1214 874 1288 μετρεῖται
902 1197 918 1268 ἱῑ
949 1208 994 1286 Ε,
1024 1198 1043 1270 6
1074 1202 1115 1270 δὲ
1139 1210 1172 1270 Ε

100 1319 133 1367 10
151 1303 211 1371 τὸν
241 1313 274 1371 A
302 1318 427 1390 μετρεῖ,
459 1300 613 1383 κάκεῖνος
639 1302 705 1391 ἄρα
732 1303 792 1373 τὸν
821 1314 854 1372 A
882 1303 1051 1392 μετρήσει·
1081 1304 1169 1376 ὥστε

149 1410 205 1476 καὶ
232 1409 293 1477 τὸν
320 1420 352 1477 A
384 1408 539 1496 μετρήσει
570 1414 704 1496 πρῶτον
737 1409 819 1479 ὄντα
855 1411 900 1498 μή
934 1407 983 1479 ω”ν
1015 1411 1110 1506 αὐτῷ
1149 1412 1168 1481 6

151 1514 266 1594 αι’τός·
290 1511 371 1600 ὅπερ
392 1515 482 1581 ἐστὶν
501 1511 681 1583 ἀδύνατον.
720 1513 738 1583 ὁ
762 1525 795 1583 A
816 1513 884 1604 ἄρα
906 1512 966 1584 τὸν
990 1525 1022 1584 Ε
1044 1533 1169 1606 μετρεῖ.

150 1620 206 1686 καὶ
234 1619 304 1686 ἐπεὶ
332 1617 350 1687 6
380 1628 412 1687 E
435 1619 496 1688 τὸν
526 1629 559 1687 A
591 1635 716 1709 μετρεῖ,
752 1627 909 1711 μετρείτω
943 1620 1050 1692 αὐτὸν
1083 1625 1170 1693 κατὰ

151 1723 211 1792 τὸν
241 1731 276 1793 Z.
322 1726 422 1813 λέγω,
451 1723 503 1793 ὅτι
538 1723 556 1795 6
586 1734 613 1793 Z
642 1725 758 1795 οὐδενὶ
790 1731 858 1794 τῶν
886 1736 932 1812 A,
951 1735 996 1814 Β,
1016 1735 1050 1796 Γ
1076 1734 1169 1802 ἐστιν

99 1828 170 1898 1σὸ
209 1828 319 1911 αὐτός.
374 1836 404 1898 εἰ
434 1831 500 1921 γὰρ
533 1830 551 1901 6
589 1840 616 1899 Z
647 1834 699 1901 ἑνὶ
731 1837 801 1902 τοῖν
832 1843 879 1919 A,
898 1839 994 1921 Β,Γ
1022 1838 1117 1906 ἐστιν
1152 1836 1170 1907 6

151 1935 253 2016 αὐτὸς
286 1937 342 2005 καὶ
374 1952 487 2026 μετρεῖ
510 1937 570 2007 τὸν
598 1948 632 2006 A
657 1939 741 2007 κατὰ
770 1938 829 2008 τὸν
857 1948 901 2026 Ε,
934 1941 989 2008 καὶ
1018 1935 1067 2022 εἷς
1100 1943 1170 2034 ἄρα

150 2048 220 2111 τῶν
247 2054 293 2128 A,
312 2051 357 2130 Β,
377 2050 409 2112 Γ
431 2042 491 2141 τήν
519 2053 552 2111 A
579 2059 692 2132 μετρεῖ
717 2046 800 2114 κατὰ
829 2045 890 2114 τὸν
918 2054 956 2114 Ε.
1003 2043 1092 2115 ἀλλὰ
1122 2043 1171 2130 εἷς

153 2155 221 2218 τῶν
245 2161 287 2236 Α,
307 2158 347 2235 Β,
366 2156 398 2218 Γ
415 2149 475 2218 τὸν
498 2160 531 2217 A
554 2165 667 2240 μετρεῖ
687 2151 770 2220 κατά
793 2180 869 2220 τινα
896 2156 965 2221 τῶν
994 2162 1042 2239 A,
1063 2162 1109 2240 Β,
1130 2161 1170 2222 Γ

152 2256 208 2323 καὶ
237 2253 255 2322 6
284 2263 316 2323 Ε
342 2258 406 2344 ἄρα
434 2256 485 2323 ἑνὶ
511 2260 579 2323 τῶν
602 2266 648 2341 A,
668 2264 712 2342 Β,
732 2262 764 2323 Γ
783 2259 873 2324 ἐστιν
897 2255 915 2325 6
940 2255 1058 2337 αὐτός·
1087 2258 1172 2349 ὅπερ

102 2380 138 2429 20
157 2360 218 2448 οὐχ
241 2359 422 2431 ὑπόκειται.
464 2360 525 2429 οὐκ
552 2361 620 2450 ἄρα
643 2360 661 2431 6
687 2363 789 2431 Ze‘vl
812 2368 880 2431 τῶν
902 2372 946 2450 A,
966 2371 1006 2450 Β,
1024 2371 1059 2431 Γ
1079 2368 1173 2436 ἐστιν

153 2465 171 2535 6
206 2465 314 2547 αὐτός.
361 2465 483 2554 ὁμοίως
521 2467 563 2553 δή
597 2471 764 2554 δείξομεν,
802 2466 853 2536 ὅτι
885 2484 1052 2557 μετρεῖται
1087 2469 1106 2540 6
1141 2480 1170 2540 Z

152 2570 218 2640 ὑπὸ
241 2577 301 2641 σοι’
325 2583 369 2658 A,
393 2572 584 2651 δεικνύντες
606 2572 718 2659 πάλιν,
743 2572 793 2642 ὅτι
816 2572 835 2642 6
860 2582 887 2641 Ζ
907 2574 969 2642 οὔκ
988 2578 1059 2643 ἐστι
1078 2582 1170 2664 προῖ-

153 2704 218 2758 τος.
264 2684 295 2746 εἰ
316 2679 392 2765 γάρ,
415 2679 471 2745 καὶ
494 2693 607 2765 μετρεῖ
627 2678 687 2747 τὸν
714 2689 761 2766 A,
789 2679 927 2749 καὶτὸν
951 2690 982 2747 Α
1009 2685 1171 2770 μετρήσει

154 2788 288 2871 πρῶτον
315 2782 397 2851 ὄντα
425 2783 469 2870 μή
493 2781 542 2851 οόν
566 2783 656 2878 αὐτῷ
681 2783 698 2852 6
725 2784 838 2866 αὐτός·
863 2787 944 2876 ὅπερ
967 2786 1060 2855 ἐστὶν
1087 2785 1174 2858 ἀδύ-

224 3034 249 3082 2.
274 3023 350 3100 ἔστι]
380 3024 455 3084 ἐστιν
481 3030 512 3083 Ρ.
585 3035 609 3086 3.
629 3027 686 3105 μή]
716 3032 765 3086 καὶ
792 3028 830 3101 μή
857 3052 887 3100 φ.
971 3039 996 3089 5.
1021 3029 1082 3089 ἐστι
1107 3035 1135 3091 V
1167 3079 1173 3091 .

152 3092 231 3163 ἅπας
250 3098 281 3154 Β.
354 3106 379 3153 6.
399 3095 414 3154 6
435 3103 459 3153 E
478 3094 628 3170 ἄρα-ἵε
649 3103 808 3173 μετρεῖται]
830 3118 884 3157 om.
903 3103 994 3173 BVQ.
1070 3113 1095 3161 ⁷.
1115 3109 1173 3180 δή]

154 3189 209 3227 om.
238 3169 300 3239 Vm.
392 3178 417 3226 8.
441 3168 529 3261 miv)
559 3189 574 3226 ο
603 3188 672 3228 οοιι.
693 3174 726 3228 V.
819 3180 860 3228 10.
889 3176 1001 3247 μετρεῖ]
1026 3192 1082 3230 om.
1107 3177 1174 3247 Vq).

156 3248 197 3299 13.
222 3242 287 3312 καί]
315 3261 351 3296 ιιι.
376 3248 391 3295 2
416 3242 448 3296 V.
487 3244 582 3297 αντών
610 3264 646 3312 φ,
672 3245 721 3298 sed
744 3260 813 3299 corr.
888 3251 930 3299 15.
955 3245 983 3300 εἰ
1002 3244 1108 3314 νάρ-
1124 3255 1174 3305 16:

153 3309 256 3399 αὐτός]
276 3331 311 3366 m.
332 3330 386 3368 rec.
407 3312 437 3368 B.
505 3321 547 3368 21.
568 3307 723 3369 Sne-22:
743 3311 839 3386 πάλιν]
859 3333 915 3384 mg.
935 3335 971 3370 m.
997 3316 1065 3371 2B.
1127 3326 1174 3376 22.

154 3378 211 3452 ὅτι]
237 3403 282 3437 οτι
300 3380 352 3439 οὔτι
373 3384 431 3440 ἔστι
449 3384 541 3455 Bvqo.
601 3381 616 3439 6
637 3391 705 3438 Z-
722 3393 769 3440 23:
793 3382 842 3439 τὸν
867 3386 909 3513 A,
934 3405 971 3443 m.
996 3386 1065 3442 Π.
1128 3397 1174 3447 22.

155 3448 208 3506 οὔκ
230 3450 300 3537 ἐστι]
320 3473 374 3511 οιιι.
394 3454 484 3524 Bch.
559 3463 601 3510 23.
623 3455 650 3511 εἰ
666 3454 742 3581 γάρ’)
763 3456 791 3511 εἰ
812 3453 866 3526 γάρ

907 3476 949 3511 στι
973 3459 1084 3529 πρῶτος
1108 3460 1175 3532 BV,

156 3524 232 3578 idem
252 3545 273 3593 φ
291 3544 321 3580 ιιι
338 3546 394 3597 mg.
472 3533 514 3581 24.
535 3524 622 3598 ἐστίν]
642 3543 696 3583 om.

746 3548 777 3596 φ.
