2446 3938
152 194 218 260 322
451 163 455 169 ⁵
531 201 734 253 ΣΤοιΧωαα
752 195 793 268 η’.

152 341 220 408 ἐπεὶ
243 342 280 407 οἱ
302 345 339 423 Γ,
361 347 393 408 A
414 353 484 420 τοῖς
508 348 545 424 Ζ,
564 347 604 407 H
623 344 659 410 ἐν
682 345 729 434 τῷ
753 340 843 434 αὐτῷ
867 343 959 435 λόγῳ
983 348 1096 432 εἰσίν,
1122 347 1181 415 καὶ

151 451 187 516 ἐκ
213 448 275 532 μὲν
302 451 371 516 τῶν
396 452 438 532 Γ,
457 455 491 514 A
514 451 604 516 ἐστιν
627 445 646 517 6
670 455 718 532 K,
743 451 779 516 ἐκ
807 449 845 518 δὲ
867 454 935 518 τοῖα
958 457 1002 535 Ζ,
1025 457 1070 518 Η
1088 449 1110 520 6
1136 461 1178 539 A,

151 555 186 622 ολ
207 559 251 637 K,
270 559 301 618 A
324 552 418 642 [ἄρα]
444 552 556 641 ὅμοιοι
580 557 733 625 ἐπίπεδοί
746 561 834 624 εἰσιν
852 551 1011 645 ἀριθμοί·
1035 561 1112 627 πῶν
1132 565 1177 646 Κ,

149 667 181 728 Λ
209 658 274 749 άρα
302 654 349 739 εἷς
380 662 481 746 μέσος
507 657 679 748 άοάλογόν
707 665 798 731 ἐστιν
831 661 987 751 ἀριθμός.
1037 669 1127 734 ἔστω
1158 663 1176 734 6

114 775 198 836 5M.
243 763 261 834 6
291 774 335 834 Μ
356 766 422 854 άρα
446 767 536 837 ἐστὶν
561 765 578 835 6
604 769 639 835 ἐκ
661 772 730 836 τῶν
754 776 803 854 A,
821 777 864 855 Ζ,
894 766 939 848 ὡς
969 771 1007 839 ἐν
1031 775 1080 862 τῷ
1105 771 1174 860 πρὸ

148 873 272 942 τούτου
298 873 492 961 θεωρήματι
525 875 669 962 ἐδείχθη.
715 875 770 942 καὶ
799 875 869 942 ἐπεὶ
900 872 917 943 6
949 883 983 951 A
1010 875 1074 945 τὸο
1110 879 1175 966 μὲν

150 986 183 1047 Γ
204 979 497 1059 πολλαπλασιάσας
525 978 585 1046 τὸν
608 986 644 1046 Κ
664 986 857 1066 πεποίηκεν,
886 979 948 1048 τὸν
973 979 1011 1048 66
1037 991 1065 1049 Ζ
1090 993 1175 1053 πολ-

40 1158 44 1165 ,
148 1085 376 1166 λαπλασιάσας
406 1084 468 1153 τὸν
495 1093 539 1153 Μ
565 1092 760 1173 πεποίηκεν,
794 1093 885 1156 ἔστιν
918 1086 983 1176 ἄρα
1017 1085 1064 1169 ὡς
1095 1087 1115 1158 6
1146 1097 1179 1159 Γ

148 1194 230 1282 πρὸς
253 1192 312 1262 τὸν
336 1200 378 1278 Ζ,
408 1190 514 1272 οὕτως
537 1189 554 1260 6
578 1198 614 1259 K
634 1193 717 1281 πρὸς
739 1192 800 1262 τὸν
824 1201 872 1262 Μ.
919 1191 993 1262 ἄλλ’
1021 1191 1068 1275 ὡς
1093 1193 1115 1264 6
1140 1204 1176 1264 K

96 1321 129 1370 10
147 1301 232 1389 πρὸς
258 1299 319 1369 τὸν
350 1306 405 1384 Μ,
434 1296 452 1366 6
480 1306 524 1366 M
550 1299 635 1382 πρὸς
661 1297 722 1368 τὸν
749 1307 789 1368 Λ.
831 1303 866 1368 ολ
891 1307 941 1386 Κ,
960 1308 1014 1387 Μ,
1040 1308 1072 1367 A
1102 1301 1173 1392 ἄρα

148 1407 222 1493 ἑξῆς
253 1411 339 1473 εἰσιν
367 1403 537 1490 ἀνάλογον
566 1408 602 1473 ἐν
630 1410 676 1497 τῷ
705 1411 765 1475 τοῦ
797 1412 830 1474 Γ
857 1406 942 1496 πρὸς
966 1405 1028 1474 τὸν
1054 1415 1082 1474 Ζ
1113 1409 1172 1478 λό-

147 1539 204 1602 γῳ.
249 1512 304 1577 καὶ
333 1511 405 1577 ἐπεί
430 1511 520 1577 ἐστιν
549 1509 593 1591 ὡς
622 1509 639 1579 6
668 1519 701 1579 Γ
728 1511 812 1601 πρὸς
838 1511 899 1581 τὸν
929 1520 977 1599 A,
1009 1511 1124 1596 οὕτως
1152 1514 1171 1585 6

148 1625 175 1684 Ζ
198 1616 281 1704 πρὸς
303 1614 364 1683 τὸν
387 1623 434 1704 Η,
458 1616 599 1698 ἐναλλὰξ
622 1620 687 1707 ἄρα
710 1619 801 1687 ἐστὶν
821 1615 866 1698 ὦς
890 1615 907 1686 6
939 1624 971 1686 Γ
993 1618 1081 1708 πρὸς
1105 1622 1171 1691 τὸν

147 1729 189 1808 Ζ,
223 1720 329 1802 οὕτως
357 1721 375 1792 6
407 1732 440 1791 A
467 1722 551 1811 πρὸς
577 1721 637 1792 τὸν
665 1731 708 1793 Η.
760 1725 816 1792 διὰ
847 1725 887 1792 τά
920 1722 1004 1792 αὐτὰ
1036 1725 1079 1812 δι’,
1109 1729 1171 1796 παλ

96 1849 127 1898 15
147 1825 192 1907 ὡς
219 1826 237 1896 6
268 1837 300 1895 A
327 1828 409 1915 πρὸς
436 1829 496 1898 τὸν
523 1837 573 1916 Η,
606 1831 713 1910 οὕτως
741 1829 759 1900 6
788 1840 820 1899 E
844 1829 930 1920 πρὸς
960 1828 1021 1899 τὸν
1050 1841 1089 1901 Θ.
1136 1839 1174 1905 ολ

109 2018 113 2025 .
146 1942 194 2021 Κ,
214 1943 269 2022 Μ,
288 1943 319 2004 A
347 1937 413 2025 ἄρα
441 1937 515 2023 ἑξῆς
542 1941 628 2005 εἰσιν
656 1935 827 2023 ἀνάλογον
857 1942 894 2004 ἔν
922 1962 957 2003 τε
980 1940 1025 2029 τῷ
1050 1943 1116 2007 τοῦ
1142 1948 1177 2010 Γ

145 2042 229 2132 πρὸς
259 2041 320 2110 τὸν
349 2050 376 2109 Ζ
408 2043 497 2133 λόγῳ
524 2044 580 2109 καὶ
611 2047 657 2135 τῷ
689 2047 750 2111 τοῦ
779 2053 812 2110 A
841 2042 924 2132 πρὸς
956 2042 1017 2111 τὸν
1045 2052 1087 2112 Η
1109 2049 1172 2115 καὶ

145 2153 194 2216 ἔτι
221 2153 266 2239 τῷ
294 2151 356 2216 τοῦ
383 2155 416 2214 Ε
440 2147 524 2236 πρὸς
550 2147 611 2216 τὸν
640 2156 677 2215 Θ.
724 2148 878 2237 ἑκατερος
907 2147 950 2236 δὴ
978 2153 1047 2218 τῶν
1072 2159 1119 2237 Ε,
1140 2161 1172 2221 Θ

144 2254 205 2323 τὸν
233 2262 277 2322 Μ
298 2254 592 2334 πολλαπλασιάσας
619 2254 777 2343 ἑκάτερον
800 2259 870 2322 των
894 2262 934 2322 Ν
935 2258 994 2341 ,Ξ
1017 2263 1171 2329 ποιείτω.

91 2380 126 2429 20
145 2362 200 2428 καὶ
229 2361 298 2428 ἐπεὶ
323 2359 455 2446 στερεός
479 2363 569 2428 ἐστιν
594 2358 612 2429 6
636 2371 684 2446 A,
712 2362 853 2448 πλευραὶ
882 2361 920 2429 δὲ
947 2361 1053 2431 αὐτοῦ
1077 2368 1170 2434 εἰσιν

145 2471 180 2535 oc
207 2472 249 2552 Γ,
269 2475 317 2551 A,
336 2473 379 2550 Ε,
408 2464 426 2534 6
454 2474 487 2534 Ε
511 2466 578 2555 ἄρα
605 2466 665 2535 τὸν
697 2470 733 2534 ἐκ
760 2470 828 2536 τῶν
851 2474 896 2554 Γ,
918 2476 951 2533 A
973 2476 1170 2539 πολλαπλα-

144 2573 262 2653 σιάσας
284 2571 345 2641 τὸν
368 2579 401 2638 Α
423 2579 610 2658 πεποίηκεν.
655 2571 673 2640 6
698 2572 736 2640 δὲ
759 2575 886 2640 ἐκτῶν
913 2580 951 2658 Γ,
971 2583 1005 2640 A
1028 2577 1121 2645 ἐστιν
1149 2576 1168 2647 6

143 2687 189 2747 K·
213 2677 231 2746 6
255 2686 287 2748 E
308 2677 373 2766 άρα
391 2677 452 2746 τὸν
476 2685 511 2745 Κ
527 2678 822 2758 πολλαπλασιάσας
840 2678 901 2747 τὸν
921 2688 954 2746 A
971 2688 1168 2768 πεποίηκεν.

144 2783 200 2852 διὰ
224 2783 264 2851 τὰ
288 2782 373 2852 αὐτοὶ
398 2783 440 2872 δὴ
463 2785 519 2855 καὶ
543 2783 560 2852 6
585 2792 614 2852 Θ
636 2783 698 2852 τὸν
721 2792 753 2851 Λ
775 2786 1073 2869 πολλαπλασιάσας
1100 2789 1167 2859 τὸν

90 2897 172 2961 25B
200 2896 386 2976 πεποίηκεν.
432 2891 488 2959 καὶ
517 2891 586 2958 ἐπεὶ
615 2918 632 2958 ο
663 2898 695 2958 Ε
714 2888 774 2959 τὸν
802 2898 838 2960 K
865 2893 1167 2977 πολλαπλασιάσας

141 2995 203 3066 τὸν
231 3004 263 3063 A
288 3002 483 3084 πεποίηκεν,
516 2995 601 3066 ἀλλὰ
630 2997 698 3085 μὴν
726 2998 781 3066 καὶ
809 2997 870 3066 τὸν
903 3006 948 3067 Μ
971 3005 1165 3071 πολλαπλα-

142 3102 261 3183 σιάσας
289 3101 350 3172 τὸν
378 3111 415 3171 Ν
440 3110 637 3192 πεποίηκεν,
671 3109 761 3173 ἔστιν
789 3102 856 3192 ἄρα
885 3101 930 3185 ὡς
959 3103 976 3172 6
1010 3111 1046 3172 K
1067 3105 1165 3192 ,πρὸς

141 3209 202 3278 τὸν
229 3216 283 3296 Μ,
312 3211 419 3290 οὕτως
446 3208 464 3279 6
489 3221 520 3279 A
543 3210 628 3299 πρὸς
655 3211 716 3278 τὸν
738 3217 783 3279 Ν.
829 3208 874 3290 ὡς
903 3211 940 3279 δὲ
964 3210 981 3278 6
1012 3217 1048 3278 K
1073 3213 1164 3299 πρὸς

141 3314 202 3381 τὸν
229 3322 283 3400 Μ,
317 3313 424 3396 οὕτως
451 3316 472 3384 6'
498 3343 533 3384 τε
560 3324 592 3385 Γ
620 3316 707 3405 πρὸς
733 3317 795 3385 τὸν
824 3324 851 3383 Ζ
880 3317 936 3383 καὶ
965 3315 982 3385 6
1012 3327 1046 3384 A
1073 3321 1164 3407 πρὸς

88 3441 123 3493 30
141 3417 201 3487 τὸν
238 3427 278 3487 Η
304 3423 360 3488 καὶ
393 3429 441 3490 ἔτι
474 3421 491 3491 6
526 3432 557 3492 Ε
587 3423 671 3512 πρὸς
702 3421 762 3492 τὸν
795 3430 836 3490 Θ·
868 3423 924 3490 καὶ
957 3421 1002 3503 ὡς
1036 3422 1104 3511 άοα
1140 3455 1160 3496 ο

214 3570 237 3616 1.
257 3560 300 3633 ολ]
321 3580 390 3618 cort.
410 3558 618 3619 ex6m.2P.
675 3562 809 3633 ιίσίλῑφ.
903 3560 1018 3636 3.άρα]
1044 3582 1099 3622 om.
1126 3569 1159 3626 P.
