2446 3938
142 177 186 240 42
520 177 723 231 ΣΤΟΙΧΕΙΩΝ
741 173 776 232 ε’.
888 172 891 178 '

141 317 246 402 λόγου
283 316 340 383 καὶ
377 322 491 403 τρίτου
527 315 612 404 πρὸς
647 318 820 402 τέταρτον,
856 321 971 400 τρίτου
1004 316 1041 384 δὲ
1073 315 1160 404 πρὸς

141 424 300 507 τέταρτον
328 427 463 507 μείζονα
489 422 593 508 λόγου
622 427 678 511 ἔχῃ
707 418 728 509 ἢ
757 423 904 508 πέμπτον
932 421 1016 510 πρὸς
1048 423 1158 510 ἕκτου,

141 529 197 596 καὶ
233 531 368 615 πρῶτον
403 525 486 615 πρὸς
523 527 682 615 δεύτερον
719 533 853 614 μείζονα
890 527 994 614 λόγου
1031 529 1096 611 ἕξει
1136 525 1157 617 ἢ

139 635 290 720 πέμπτου
314 631 398 719 πρὸς
420 634 530 702 ἕκτου·
555 633 635 720 ὅπερ
660 637 727 702 ἔδει
752 635 866 715 δεῖξαι.

103 841 120 891 5
618 826 676 896 ιδ’.

203 930 291 1001 Ἐὰν
314 937 471 1019 πρῶτον
494 930 592 1019 πρὸς
615 933 808 1018 δεύτερον
834 930 903 1000 τὸυ
935 931 1058 1002 αὐτὸν
1088 939 1156 1025 ἔχῃ

138 1040 260 1127 λόγου
292 1039 358 1106 καὶ
389 1043 525 1126 τρίτου
552 1037 649 1125 πρὸς
675 1039 880 1125 τέταρτον,
911 1036 953 1107 τὸ
982 1039 1025 1107 δὲ
1052 1043 1158 1128 πρῶ-

138 1170 207 1214 τον
230 1149 300 1214 τοῦ
322 1149 461 1232 τρίτου
483 1150 619 1230 μεῖζον
642 1137 678 1233 ᾖ,
702 1144 767 1212 καὶ
790 1142 832 1213 τὸ
867 1147 1057 1231 δεύτερον
1085 1140 1156 1215 τοῦ

138 1251 331 1339 τετάρτου
362 1256 498 1337 μεῖζον
528 1254 656 1335 ἔσται,
692 1245 765 1318 κᾶν
799 1258 904 1335 ἴσον,
937 1258 1042 1336 ἴσον,
1079 1247 1156 1320 κᾶν

91 1371 125 1421 10
144 1361 326 1443 ἔλαττον,
350 1361 522 1426 ἔλαττον.
536 1336 578 1392 *²

206 1466 352 1549 Πρῶτον
379 1461 445 1549 γὰρ
471 1461 510 1531 τὸ
540 1472 573 1531 A
602 1461 684 1550 πρὸς
712 1461 872 1550 δεύτερον
899 1459 937 1530 τὸ
961 1469 990 1530 Β
1012 1460 1073 1531 τὸυ
1095 1465 1154 1532 αὐ-

64 1577 69 1587 “
138 1569 200 1637 τὸυ
229 1559 332 1654 ἐχέτοτ
355 1567 460 1654 λόγου
488 1567 544 1635 καὶ
571 1574 685 1655 τρίτον
713 1565 750 1636 τὸ
774 1573 806 1636 Γ
824 1567 909 1656 πρὸς
938 1569 1094 1656 τέταρτον
1114 1568 1153 1638 τὸ

86 1692 92 1702 ·
142 1682 190 1758 Δ,
214 1679 327 1759 μεῖζον
349 1673 387 1741 δὲ
410 1678 493 1741 ἔστω
516 1671 553 1741 τὸ
577 1683 610 1740 A
632 1677 693 1742 τοῦ
716 1679 758 1742 Γ·
784 1675 886 1760 λέγω,
910 1674 961 1742 ὅτι
983 1675 1039 1742 καὶ
1062 1674 1100 1743 τὸ
1126 1683 1155 1745 Β

141 1783 203 1848 τοῦ
227 1788 260 1846 A
283 1778 396 1866 μεῖζόν
419 1781 519 1847 ἐστιν.

86 1898 120 1947 15
203 1882 291 1953 Ἐττεὶ
323 1883 388 1974 γὰρ
415 1883 453 1953 τὸ
477 1895 510 1952 A
536 1888 598 1954 τοῦ
621 1891 653 1953 Γ
676 1886 788 1973 μεῖζόν
812 1888 918 1972 ἐστιν,
942 1883 1024 1954 ἄλλο
1050 1887 1104 1972 δέ,
1134 1883 1153 1956 ὃ

138 1995 263 2078 ἔτυχεν,
286 1992 455 2079 [μέγεθος]
479 1991 517 2060 τὸ
542 1999 582 2079 Β,
605 1989 643 2061 τὸ
667 2001 700 2061 A
718 1991 785 2081 ἄρα
807 1990 890 2082 πρὸς
911 1991 949 2060 τὸ
969 1999 998 2059 Β
1019 1998 1154 2078 μείζονα

137 2098 241 2184 λόγου
265 2103 330 2186 ἔχει
358 2096 441 2188 ἤπερ
465 2097 502 2169 τὸ
526 2105 559 2167 Γ
576 2099 660 2188 πρὸς
681 2097 719 2166 τὸ
745 2107 783 2167 Β.
827 2095 871 2178 ὡς
895 2097 932 2166 δὲ
954 2096 992 2166 τὸ
1016 2107 1048 2165 A
1070 2097 1155 2185 πρὸς

137 2201 175 2272 τὸ
198 2211 243 2290 Β,
276 2205 381 2286 οὕτως
407 2203 445 2273 τὸ
473 2211 506 2273 Γ
528 2203 612 2293 πρὸς
633 2203 672 2272 τὸ
697 2212 742 2272 A·
771 2204 827 2272 καὶ
853 2201 892 2272 τὸ
920 2208 952 2271 Γ
979 2203 1045 2290 ἄρα
1071 2206 1156 2293 πρὸς

137 2309 175 2379 τὸ
209 2319 241 2381 Δ
273 2318 408 2398 μείζονα
439 2308 543 2396 λόγου
576 2314 642 2396 ἔχει
674 2307 757 2397 ἥπερ
789 2307 827 2378 τὸ
859 2315 892 2378 Γ
918 2306 1002 2396 πρὸς
1039 2309 1077 2378 τὸ
1105 2314 1153 2398 313.

84 2435 119 2485 το
137 2413 264 2504 ττρὸςδ
293 2417 331 2484 δὲ
353 2414 391 2483 τὸ
416 2411 498 2482 αὐτὸ
526 2419 661 2500 μείζονα
686 2414 791 2501 λόγου
819 2419 895 2501 ἔχει,
920 2416 1028 2506 ἐκςϊυο
1060 2420 1153 2484 ἔλασ-

138 2522 201 2590 σόν
230 2524 333 2590 ἐστιν·
365 2525 508 2587 ἔλασσον
536 2517 602 2607 ἄρα
637 2517 676 2589 τὸ
709 2529 743 2587 A
774 2524 835 2589 τοῦ
863 2527 905 2589 Β·
933 2521 1017 2590 ὥστε
1040 2521 1153 2609 μεῖζόν

138 2629 207 2696 ἐστι
229 2626 267 2694 τὸ
292 2634 320 2694 Β
343 2629 405 2694 τοῦ
429 2634 470 2694 Δ.

203 2729 341 2818 Ὁμοίως
365 2729 406 2818 δὴ
431 2732 599 2818 δείξομεν,
628 2733 680 2800 ὅτι
703 2730 768 2801 κᾶν
793 2742 868 2802 ἴσον
891 2723 912 2820 ᾖ
935 2729 973 2800 τὸ
998 2741 1030 2799 A
1047 2736 1092 2824 τῷ
1114 2738 1153 2818 Γ,

140 2844 217 2905 ἴσου
251 2841 343 2904 ἔσται
374 2837 430 2904 καὶ
462 2834 500 2906 τὸ
529 2844 557 2904 Β
585 2843 631 2932 τῷ
660 2848 708 2925 A,
740 2836 806 2907 κᾶν
834 2844 978 2907 ἔλασσον
1005 2829 1026 2925 ἦ
1054 2836 1092 2906 τὸ
1121 2847 1154 2905 A

86 2963 121 3012 το
138 2947 200 3012 τοῦ
224 2948 262 3028 Γ,
286 2947 429 3011 ἔλασσον
453 2947 544 3011 ἔσται
567 2945 624 3012 καὶ
645 2943 684 3013 τὸ
710 2953 739 3013 Β
762 2949 823 3013 τοῦ
847 2953 889 3013 A.

201 3045 279 3117 Ἐὰν
308 3047 375 3136 ἄρα
401 3052 536 3136 πρῶτον
563 3048 647 3138 πρὸς
680 3050 838 3138 δεύτερον
870 3047 931 3117 τὸυ
959 3045 1065 3116 αὐτὸν
1094 3053 1150 3136 ἔχῃ

137 3155 241 3241 λόγον
268 3154 324 3223 καὶ
350 3159 465 3243 τρίτου
492 3153 577 3243 πρὸς
603 3157 778 3245 τέταρτον,
805 3153 843 3224 τὸ
872 3153 910 3222 δὲ
933 3156 1067 3240 πρῶτον
1090 3157 1152 3222 τοῦ

136 3266 254 3350 τρίτου
276 3267 389 3348 μεῖζον
411 3252 445 3350 ᾖ,
468 3260 525 3328 καὶ
547 3259 585 3329 τὸ
605 3262 764 3348 δεύτερον
782 3265 844 3331 τοῦ
861 3259 1021 3347 τετάρτου
1040 3264 1152 3345 μεῖζον

137 3369 245 3451 ἔσται,
275 3361 340 3432 κᾶν
370 3373 460 3451 ἴσον,
493 3374 584 3451 ἴσον,
612 3363 678 3434 κᾶν
706 3371 856 3450 ἔλαττον,
889 3369 1039 3434 ἔλαττον·
1070 3365 1151 3453 ὅπερ

86 3490 122 3543 30
140 3477 208 3542 ἔδει
232 3472 346 3552 δεῖξαι.

66 3565 106 3626 ⁴⁴,
132 3561 382 3682 (athesis)

400 3508 861 3621 0⁶2⁶·3·Z·>{d‘
