2446 3938
105 159 149 224 24
488 158 690 212 ΣΤΟῙΧΕῙΩΝ
708 154 743 213 ε’.

177 305 253 368 Τῶν
287 299 352 388 γὰρ
386 299 498 369 αὐτῶν
530 301 871 368 κατασκευασθέντων
900 297 1023 386 ὁμοίως
1054 303 1121 366 θεέ-

107 411 222 495 ξομεν,
251 405 303 475 ὅτι
331 416 406 475 ἴσον
435 408 504 476 ἐστὶ
532 406 570 476 τὸ
596 416 629 474 Δ
651 411 696 500 τῷ
721 415 762 474 Ε·
786 405 869 474 ἄλλο
898 408 938 474 δέ
962 432 995 473 τι
1017 403 1054 474 τὸ
1079 413 1122 472 Ζ·

106 519 137 582 εἰ
159 511 225 601 ἄρα
248 511 400 601 ὑπερέχει
422 512 460 582 τὸ
486 521 513 580 Ζ
531 518 593 582 τοῦ
613 522 657 599 Δ,
680 511 832 602 ὑπερέχει
851 513 906 580 καὶ
924 515 986 580 τοῦ
1005 519 1045 597 Ε,
1063 511 1120 579 καὶ

108 625 140 689 εἰ
162 628 253 706 ἴσον,
279 629 370 706 ἴσον,
394 621 449 688 καὶ
473 625 504 688 εἰ
528 625 681 705 ἔλαττον,
710 625 856 688 ἔλαττον.
901 624 960 686 καί
986 621 1054 687 ἐστι
1080 619 1120 686 τὸ

70 725 168 812 ὃμὲν
199 732 226 792 Ζ
249 729 311 793 τοῦ
338 730 371 792 Γ
397 723 727 811 πολλαπλάσιον,τά
756 724 794 793 δὲ
826 710 917 811 Δ,Ε
942 730 1010 794 τῶν
1034 733 1121 811 Α,Β

107 831 204 918 ἅλλα,
228 829 402 919 ῶέταχεν,
426 831 536 932 λσᾷκις
558 831 801 900 πολλαπλάσια·
825 837 915 900 ἔστιν
934 831 1000 920 ἄρα
1019 829 1065 911 ῶς
1081 831 1119 899 τὸ

106 945 138 1007 Γ
157 938 241 1027 πρὸς
263 937 301 1006 τὸ
325 947 372 1023 A,
396 936 503 1018 οὕτως
525 936 562 1006 τό
587 944 620 1005 Γ
637 936 721 1024 πρὸς
743 935 781 1006 τὸ
808 944 843 1006 Β.

178 1043 225 1112 Τὰ
254 1052 310 1113 ἴσα
333 1043 401 1132 ἄρα
424 1043 508 1133 πρὸς
529 1044 568 1114 τὸ
593 1042 675 1113 αὐτὸ
700 1042 760 1113 τὸν
789 1041 894 1112 αὐτὸν
922 1049 988 1131 ἔχει
1016 1043 1123 1131 λόγον

106 1151 224 1220 καὶτὸ
249 1147 332 1218 αὐτὸ
358 1148 441 1238 πρὸς
463 1149 503 1218 τὰ
529 1136 594 1219 ἶσα.
1126 1163 1129 1168 ’

66 1328 89 1376 ,ο
529 1309 697 1418 ῌόρισμα.

148 1433 204 1502 Ἐκ
228 1432 269 1520 δὴ
293 1433 416 1502 τούτου
439 1434 600 1521 φανερόν,
624 1432 676 1502 ὅτι
700 1431 761 1502 ἐὰν
784 1435 909 1520 μεγέθη
933 1432 1009 1502 τινὰ
1038 1430 1120 1502 ἀνῶ-

107 1550 210 1627 λογον
220 1531 254 1630 ᾖ,
264 1541 321 1606 καὶ
331 1538 500 1608 ἀνάπαλιν
509 1538 681 1628 ἀνάλογον
696 1545 796 1609 ἔσται.
824 1539 906 1631 ὅπερ
921 1546 990 1610 ἔδει
1005 1544 1121 1622 δεῖξαι.

593 1727 636 1785 η.

180 1830 268 1894 Τῶν
302 1823 452 1892 ἀνίσων
484 1829 667 1911 μεγεθῶν
699 1824 741 1894 τὸ
780 1831 914 1912 μεῖζον
945 1823 1042 1914 πρὸς
1078 1823 1122 1893 τὸ

66 1944 91 1994 15
111 1929 206 2000 αὐτὸ
244 1936 404 2018 μείζονα
445 1927 567 2017 λόγον
605 1935 684 2018 ἔχει
726 1930 823 2019 ἥπερ
862 1929 904 2001 τὸ
942 1937 1120 2000 ἔλαττον.

107 2039 171 2106 καὶ
203 2039 245 2107 τὸ
278 2034 372 2106 αὐτὸ
404 2035 500 2127 πρὸς
530 2036 573 2106 τὸ
607 2042 770 2106 ἔλαττον
804 2043 968 2124 μείζονα
1000 2037 1125 2124 λόγον

109 2145 188 2232 ἔχει
211 2143 309 2234 ἤπερ
332 2143 429 2232 πρὸς
451 2141 494 2212 τὸ
512 2149 660 2233 μεῖζον.
776 2227 778 2232 Ι

166 2249 275 2320 ’Ἑστω
299 2249 401 2319 ἄνισα
433 2249 558 2335 μεγέθη
586 2245 627 2315 τὰ
654 2255 734 2332 ΑΒ,
748 2253 791 2333 Γ,
818 2249 875 2316 καὶ
898 2254 981 2319 ἔστω
1008 2256 1123 2337 μεῖζον

107 2355 145 2425 τὸ
169 2364 250 2442 ΑΒ,
274 2356 357 2424 ἄλλο
381 2356 433 2440 δέ,
457 2350 477 2421 ὃ
501 2357 631 2440 ἔτυχεν,
654 2352 692 2421 τὸ
716 2363 763 2422 Δ·
785 2356 887 2442 λέγω,
912 2353 1024 2424 ὅτιτὸ
1053 2363 1121 2424 ΑΒ

66 2477 90 2524 ιο
109 2460 193 2551 πρὸς
215 2462 254 2530 τὸ
278 2471 312 2530 Δ
335 2466 469 2548 μείζονα
492 2459 596 2546 λόγον
620 2463 686 2546 ἔχει
708 2459 792 2548 ἥπερ
814 2458 852 2530 τὸ
872 2467 904 2529 Γ
918 2461 1001 2550 πρὸς
1019 2461 1056 2532 τὸ
1078 2473 1122 2550 Δ,

107 2575 163 2636 καὶ
193 2566 230 2636 τὸ
257 2576 291 2635 Δ
313 2563 397 2654 πρὸς
424 2563 461 2632 τὸ
491 2569 523 2632 Γ
542 2571 676 2651 μείζονα
703 2566 808 2653 λόγον
838 2572 903 2654 ἔχει
930 2565 1015 2656 ἤπερ
1039 2568 1125 2657 πρὸς

107 2674 145 2742 τὸ
169 2681 244 2742 AB.

174 2777 264 2847 Ἐπεὶ
291 2776 356 2866 γὰρ
385 2776 498 2864 μεῖζόν
527 2779 595 2846 ἐστι
623 2776 661 2846 τὸ
685 2787 752 2846 ΑΒ
774 2783 835 2848 τοῦ
860 2785 898 2866 Γ,
925 2787 1051 2850 κείσθω
1075 2786 1124 2875 τῷ

108 2892 141 2955 Γ
167 2895 242 2953 ἴσον
261 2883 299 2952 τὸ
324 2891 400 2952 ΒΕ·
430 2882 468 2952 τὸ
497 2882 539 2971 δὴ
563 2889 707 2953 ἔλασσον
729 2889 798 2954 τῶν
821 2894 898 2974 ΑΕ,
914 2894 978 2954 ΕΒ
1000 2896 1124 2956 πολλα-

180 3063 255 3117 Vm.
274 3063 349 3118 Hero
368 3063 423 3118 def.
445 3069 504 3133 125,
524 3069 548 3119 6.
583 3062 676 3119 Schol.
695 3062 726 3116 in
743 3063 873 3133 Pappum
886 3063 929 3116 III
942 3082 970 3134 p.
985 3071 1064 3134 1175,
1078 3071 1124 3120 21.

182 3214 205 3262 1.
225 3202 328 3276 ὁμοίως
346 3201 382 3275 δή
396 3206 426 3262 Ρ.
499 3211 524 3261 3,
544 3203 609 3275 καί]
629 3204 728 3331 (prius)
743 3200 925 3271 τὸΖιιοιίΡ;
944 3205 993 3261 καὶ
1008 3202 1123 3263 τὸΖΡ.

109 3285 134 3334 4.
165 3276 282 3339 ἔλασσον,
306 3274 423 3332 ἔλασσον
446 3275 480 3332 V.
559 3277 612 3330 καί
650 3274 706 3346 στι]
730 3277 783 3329 καί
803 3270 878 3330 ἐστιν
896 3277 932 3344 Ρ;
958 3271 1016 3331 ἔστι
1039 3275 1072 3332 δέ
1091 3275 1122 3332 F.

147 3355 172 3402 6.
195 3344 264 3403 ἄλλα
287 3342 320 3418 ἅ]
347 3367 377 3416 φ.
465 3345 577 3418 ἔτυχεν]
606 3341 649 3417 έτῇ
668 3361 753 3434 sppra
771 3365 800 3414 φ.
889 3353 912 3401 7.
932 3341 1033 3419 οὕτως]
1053 3365 1123 3403 corr.

106 3437 140 3474 ex
155 3413 227 3474 οὕτω
241 3437 278 3473 m.
297 3417 357 3474 ΗΣ
414 3424 438 3472 9.
453 3415 488 3472 τὰ
503 3419 549 3472 λσα
577 3412 611 3470 τὰ
627 3419 674 3472 ἴσα
688 3435 779 3485 οτι-φ.
837 3423 877 3472 10.
893 3413 1123 3488 πόρισμα-Ως

106 3490 203 3563 ἔσται]
241 3491 276 3558 Ρ;
311 3507 364 3545 om.
398 3489 496 3545 Theon
529 3417 685 3559 &31⁴³va
723 3487 771 3544 cfr.
813 3487 849 3541 ad
885 3505 964 3558 prop.
1002 3489 1049 3544 IV.

84 3592 237 3677 w·
258 3572 441 3685 2p=e
464 3565 641 3671 ’βέεέι

162 3751 185 3777 ,,
283 3740 302 3759 .,
334 3663 635 3806 (emeth).
