2446 3938
151 194 218 259 432
561 197 751 251 APPENDIX.

216 334 305 404 Ἐπεὶ
328 335 393 422 γάρ
418 337 508 404 ἐστιν
532 333 577 416 ὡς
600 363 618 404 ο
643 347 675 404 Α
698 336 781 422 πρὸς
803 335 865 404 τὸν
888 343 932 420 Β,
962 333 1070 416 οὕτως
1100 338 1118 404 6
1144 345 1175 404 E

153 441 236 529 πρὸς
268 441 329 511 τὸν
357 451 399 529 Ζ,
433 443 451 511 6
484 441 552 529 ἄρα
583 445 619 510 ἐκ
646 447 715 511 τῶν
743 450 837 527 Α,Ζ
868 450 940 522 ἶσος
968 442 1038 508 ε’στλ
1066 446 1113 534 τῷ
1139 446 1173 510 ἐκ

153 552 222 616 τῶν
250 555 294 633 Β,
317 555 356 616 Ε.
405 549 508 616 πάλιν
537 552 610 617 ἐττεί
635 551 724 617 ἐστιν
752 546 797 628 ὡς
830 549 848 617 6
877 556 906 616 Β
934 546 1017 635 πρὸς
1045 546 1109 616 τὸν
1135 554 1171 631 Γ,

156 653 262 736 οὕτως
289 653 306 723 6
336 664 370 723 A
397 654 480 744 πρὸς
507 655 567 724 τὸν
595 663 640 741 Β,
669 655 687 722 6
716 654 782 743 ἄρα
810 657 846 723 ἐκ
873 659 943 722 τῶν
966 662 1014 739 A,
1040 659 1073 720 Γ
1101 662 1173 734 ίσος

121 763 224 830 σέστὶ
251 765 296 853 τῷ
326 765 362 829 ἐκ
388 766 456 830 τῶν
479 769 523 847 Β,
546 769 584 829 Β.
632 764 766 847 ἐδείχθη
797 761 835 829 δὲ
857 761 912 828 καὶ
937 758 954 829 ὁ
980 763 1015 829 ἐκ
1038 765 1107 828 των
1131 770 1173 844 A,

156 876 184 935 Ζ
212 877 283 948 ἴσος
310 872 355 960 τῷ
384 869 419 935 ἐκ
445 872 513 935 τῶν
541 876 587 952 Β,
606 875 643 935 Β.
689 867 745 934 καλ
773 866 791 934 6
820 869 856 934 ἐκ
883 870 951 935 τῶν
979 876 1027 951 A,
1052 874 1079 933 Ζ
1108 865 1174 954 ἄρα

156 982 228 1053 λ’σος
252 976 320 1042 ἐστὶ
343 979 389 1066 τῷ
413 976 540 1042 ἐκτῶν
564 982 614 1059 A,
639 980 675 1042 Γ.
721 979 812 1041 ἔστιν
837 972 903 1060 ἄρα
927 972 971 1051 ὦς
994 972 1013 1039 6
1038 981 1070 1040 A
1089 971 1173 1060 πρὸς

155 1077 215 1147 τὸν
240 1085 282 1165 Γ,
307 1077 413 1160 οὕτως
436 1080 454 1148 6
480 1088 514 1147 A
536 1080 619 1168 πρὸς
642 1079 702 1149 τὸν
726 1088 766 1147 Ζ·
790 1080 872 1165 ὅπερ
896 1084 963 1146 ἔδει
988 1080 1102 1160 δείξαι.

536 1240 539 1245 ’
588 1259 664 1338 vn,
688 1262 740 1326 31.

106 1420 138 1469 10
581 1397 735 1478 Ἄλλως.

215 1523 323 1591 Ἔστω
356 1522 521 1600 σύνθετος
558 1521 704 1609 ἀριθμὸς
737 1523 755 1591 6
789 1531 829 1591 A.
884 1524 984 1610 λέγω,
1023 1522 1074 1591 ὅτι
1106 1523 1173 1592 ὑπὸ

157 1628 293 1713 πρώτου
314 1626 407 1708 τινὸς
430 1626 580 1715 ἀριθμοῦ
604 1643 778 1714 μετρεῖται.
824 1631 892 1697 ἐπεὶ
915 1628 981 1718 γὰρ
1006 1629 1174 1709 σύνθετός

158 1737 248 1802 ἐστιν
282 1735 299 1802 6
333 1744 379 1819 A,
416 1735 660 1821 μετρηθήσεται
692 1733 758 1804 ὑπὸ
791 1732 957 1824 ἀριθμοῦ,
993 1736 1050 1802 καὶ
1087 1741 1173 1804 ἔστω

159 1839 329 1926 ἐλάχιστος
356 1845 424 1907 τῶν
451 1840 665 1928 μετρούντων
694 1839 798 1910 αὐτὸν
822 1841 840 1909 6
865 1849 901 1910 B.
948 1843 1048 1928 λέγω,
1078 1840 1130 1910 ὅτι
1156 1843 1174 1911 6

106 1971 139 2019 15
159 1954 187 2013 Β
210 1947 342 2036 πρῶτός
365 1950 464 2015 ἐστιν.
510 1952 541 2015 εί
562 1949 625 2034 γὰρ
649 1948 710 2034 μή,
734 1947 899 2027 σύνθετός
922 1951 1021 2016 ἐστιν.
1058 1975 1175 2037 μετρη-

158 2052 300 2140 θήσεται
323 2051 390 2143 ίῖριι
413 2051 480 2122 ὑπὸ
504 2050 657 2140 ἀριθμοῦ
679 2079 778 2133 τινος.
816 2060 1002 2142 μετρείσθω
1025 2054 1092 2122 ὑπὸ
1113 2061 1175 2123 τοῦ

160 2165 194 2226 Γ.
241 2159 258 2225 6
293 2165 324 2226 Γ
352 2160 419 2248 ἄρα
445 2163 506 2226 τοῦ
533 2166 562 2225 Β
591 2158 742 2226 ἐλάσσων
771 2162 870 2229 ἐστίν.
915 2161 972 2227 καλ
1000 2161 1069 2228 ἐπεὶ
1098 2161 1115 2228 6
1148 2169 1181 2228 Γ

158 2263 218 2333 τὸν
242 2272 270 2331 Β
294 2280 419 2353 μετρεῖ,
443 2263 517 2334 ἀλλ’
549 2266 567 2335 6
591 2273 620 2334 B
643 2265 704 2333 τὸν
728 2276 760 2333 A
782 2280 907 2354 μετρεῖ,
935 2267 992 2332 καὶ
1016 2268 1033 2334 6
1059 2274 1091 2335 Γ
1108 2267 1176 2354 ἄρα

159 2371 219 2438 τὸν
242 2380 274 2437 Α
292 2385 406 2458 μετρεῖ
427 2372 578 2440 ἐλάσσων
603 2368 652 2440 66
674 2375 735 2439 τοῦ
759 2379 800 2438 Β·
825 2369 905 2457 ὅπερ
929 2373 1065 2440 ίίτοιτον.
1112 2374 1175 2441 οὐκ

106 2503 140 2550 20
159 2475 225 2563 ίίριι
244 2476 261 2544 6
282 2482 311 2542 Β
330 2475 492 2555 σύνθετός
507 2480 583 2546 ε’στι.
619 2481 751 2566 πρῶτος
765 2476 843 2563 ἄρα·
868 2477 949 2566 ὅπερ
969 2484 1037 2547 ἔδει
1061 2482 1176 2560 (λεῖξαι.

462 2655 627 2721 Scholium
651 2658 692 2722 ad
716 2655 794 2740 VII,
818 2657 870 2721 39.
985 2647 993 2659 ’

228 2781 297 2844 Τοῦ
316 2776 386 2845 λθ’.
430 2782 564 2846 πολλῶν
583 2774 742 2865 ἀριθμῶν
765 2777 874 2846 ὄντων
892 2779 948 2846 καὶ
968 2779 1116 2866 ἐχόντων
1134 2787 1176 2849 τὰ

230 2961 255 3010 2
275 2974 312 3007 τω
335 2949 597 3080 εκ]τωυττοΒΓ
676 2963 700 3011 3
721 2952 847 3027 ως]οω
867 2975 894 3026 p
976 2963 1002 3010 4
1023 2964 1061 3025 A
1082 2959 1122 3030 Γ]
1147 2965 1177 3026 Γ,

82 3058 88 3062 -
160 3025 234 3082 AB.
327 3022 532 3096 pzapon]
632 3027 884 3098 6...-uul]omp
949 3000 1177 3099 ὁλὸάραΓΓ.

159 3094 231 3183 ἄρα]
253 3114 306 3153 om
326 3095 387 3150 FV.
460 3102 485 3150 9.
504 3044 618 3183 ΒΓμφ.
638 3100 703 3183 anto,
722 3115 801 3187 prop
821 3105 868 3164 313
888 3099 951 3153 add.
970 3094 1077 3156 Theon.
1136 3108 1178 3155 10

159 3164 266 3256 ἄλλως]
295 3185 348 3223 om
368 3184 410 3294 p,
437 3163 525 3228 ἄλλως
552 3164 584 3222 τὸ
612 3170 645 3241 λβ
672 3168 703 3222 τὸ
733 3165 798 3238 ἑξῆς
825 3170 924 3239 Bmg.
950 3188 988 3224 m.
1018 3177 1043 3225 1
1136 3180 1178 3226 11.

160 3237 279 3292 ἔστω-
296 3246 342 3293 13·
368 3236 444 3294 ἐστιν
463 3234 478 3291 6
497 3239 536 3310 A]
562 3256 662 3325 om.p.
737 3247 779 3294 13.
803 3241 868 3311 καί]
892 3259 981 3302 τινος·
1010 3245 1177 3328 μετρείσθω,

160 3312 213 3362 καί
237 3311 267 3365 Β.
308 3308 375 3364 ἔστω
405 3305 420 3363 6
448 3327 474 3378 p.
554 3315 595 3365 15.
621 3308 761 3372 σύνθετός
785 3307 877 3382 ἐστιν]
907 3309 1023 3366 ἐστιν
1011 3333 1026 3366 ο
1055 3318 1077 3366 Β
1105 3315 1178 3397 πρῷ-

159 3380 296 3448 τοςΒφ,
320 3381 399 3435 Vin
421 3397 475 3434 ras.
558 3388 600 3437 16
624 3378 698 3453 ἄρα]
723 3398 777 3437 om
802 3384 832 3438 B
914 3381 971 3437 ὑπὸ
999 3384 1051 3438 τοῦ
1081 3385 1157 3456 Γ]
1149 3404 1179 3440 m

160 3466 213 3502 ras.
238 3401 283 3515 Γ,
285 3468 351 3535 seq
375 3469 429 3506 ras
457 3469 567 3538 magna.
660 3460 701 3508 11.
731 3450 822 3524 ἐστίν]
850 3449 910 3507 ἔστί
935 3455 988 3523 Γφ
966 3471 1120 3526 tp,.00mp
1151 3476 1178 3525 p.

162 3527 204 3573 18.
223 3492 292 3574 ἄλλοί
312 3523 373 3589 Γφ.
465 3519 538 3578 20.
529 3520 598 3593 ότιερ
619 3521 678 3579 ἔδει
697 3523 806 3595 δεῖξαι]
832 3541 885 3581 om.
909 3524 965 3594 Bp
1043 3533 1086 3584 21.
1112 3527 1178 3581 Post

71 3580 108 3704 Ι
