2446 3938
126 210 192 275 252
513 210 717 263 monum
736 206 770 274 ι’.

125 350 188 420 τὸν
214 361 247 438 A
277 348 427 438 ἀριθμὸν
460 348 593 436 ἅαειροι
623 347 780 436 ἀριθμοί,
813 340 863 416 ὧν
891 349 1000 435 ἕτερος
1028 349 1149 436 ἑτέρου

127 456 279 526 ἐλάσσων
312 459 414 524 ἐστίν·
461 453 542 542 ὅπερ
576 455 666 524 ἐστὶν
700 453 871 524 ἀδύνατον
905 457 942 523 ἐν
973 451 1148 542 ἀριθμοῖς.

126 552 341 649 ληφθήσεταί
373 588 422 653 τις
454 560 520 649 ἄρα
549 566 680 648 πρῶτος
724 556 887 649 ἀριθμός,
919 557 957 640 ὃς
986 559 1144 648 μετρήσει

125 668 186 737 τὸν
209 667 274 756 αρὸ
298 669 436 753 ἑαυτοῦ,
460 665 576 747 ὅςκαὶ
598 665 659 735 τὸν
682 677 714 735 A
737 666 900 754 μετρήσει.
1165 746 1169 752 ,

92 793 108 842 5
187 775 291 853 “Anas
322 772 401 862 ἄρα,
422 773 587 853 σύνθετος
613 771 760 861 ἀριθμὸς
786 771 853 841 ὑπὸ
884 771 1021 860 ιιρωτου
1052 771 1149 852 τινὸς

127 879 278 966 α’ριθμοῦ
302 892 480 967 μετρεῖται·
518 879 599 966 ὅπερ
623 883 691 947 ἔδει
715 880 829 960 δεῖξαι.

598 1055 666 1142 λβ’.

185 1180 303 1260 ’Ἁαας
338 1178 510 1267 ἀριθμὸς
546 1177 635 1271 ήτοι
671 1180 825 1268 τρωτός
861 1183 970 1249 ἐστιν
1007 1175 1028 1266 ή
1066 1177 1147 1248 ὑπὸ

75 1300 81 1309 ”
125 1285 284 1374 πρώτου
306 1283 416 1364 τινὸς
439 1283 615 1372 ἀριθμοῦ
638 1299 849 1372 μετρεῖται.

37 1434 41 1442 -
74 1409 107 1460 10
184 1389 293 1459 Ἔστω
321 1387 467 1477 ἀριθμὸς
489 1389 507 1459 ὁ
531 1401 576 1458 Α·
612 1392 714 1476 λέγω,
742 1389 794 1459 ὅτι
818 1388 836 1458 ὁ
860 1400 893 1459 Α
914 1390 989 1478 ήτοι
1011 1390 1147 1478 πρῶτός

126 1500 217 1565 ἐστιν
240 1494 261 1583 ή
285 1492 351 1565 ὑπὸ
375 1495 511 1585 πρώτου
533 1494 625 1576 τινὸς
648 1494 799 1583 ἀριθμοῦ
822 1511 995 1586 μετρεῖται.

192 1607 237 1669 Εἰ
259 1602 320 1689 μὲν
345 1593 408 1670 οὖν
430 1603 561 1687 τρωτός
584 1605 674 1670 ἐστιν
698 1600 717 1671 ὁ
738 1613 780 1688 A,
803 1602 943 1689 γεγονὸς
965 1601 1009 1672 ἂν
1033 1613 1085 1691 εἴη
1103 1605 1145 1673 τό

127 1709 313 1792 ἐπιταχθέν.
359 1711 390 1775 εἰ
416 1707 455 1775 δὲ
478 1710 651 1794 σύνθετος,
676 1707 831 1797 μετρήσει
853 1735 903 1790 τις
926 1708 1032 1779 αὐτὸν
1055 1715 1147 1800 πρῶ-

125 1839 181 1892 τος
204 1811 359 1900 ἀριθμός.

73 1937 107 1987 15
185 1917 289 1999 ’Ἀσιας
311 1917 384 2009 ἄρα.
400 1917 549 2009 ἀριθμὸς
570 1919 646 2008 ήτοι
668 1921 801 2010 πρῶτός
820 1925 909 1991 ἐστιν
928 1919 949 2009 ή
968 1920 1034 1992 ὑπὸ
1053 1925 1146 2011 πριό-

125 2050 186 2093 τον
208 2025 301 2106 τινὸς
323 2025 474 2115 ἀριθμοῦ
497 2041 676 2116 μετρεῖται·
714 2027 796 2115 ὅπερ
820 2033 888 2098 ἔδει
912 2031 1026 2110 δεῖξαι.

595 2222 665 2309 λγ’.

190 2341 388 2432 Ἀριθμῶν
412 2347 619 2415 δοθέντων
639 2344 877 2416 ὁποσωνοῦν
897 2343 1031 2435 εὑρεῖν
1049 2347 1146 2428 τοὺς

126 2450 360 2537 ἐλαχίστους
387 2456 464 2520 τῶν
491 2451 561 2521 τὸν
585 2451 708 2523 αὐτὸν
731 2452 854 2540 λόγον
877 2453 1050 2542 ἐχόντων
1074 2452 1146 2521 αὐ-

74 2574 109 2624 2ο
126 2570 220 2636 τοῖς.

182 2659 358 2730 Ἔστωσαν
390 2666 426 2731 ολ
456 2665 615 2745 δοθέντες
648 2662 834 2734 ὁποσοιοῦν
868 2663 1010 2754 ἀριθμοὶ
1039 2669 1074 2734 οἱ
1099 2677 1145 2753 A,

125 2774 172 2851 Β,
196 2773 238 2833 Γ·
276 2772 329 2836 δεῖ
350 2767 392 2855 δή
416 2767 529 2858 εὑρεῖν
546 2769 627 2851 τοὺς
650 2773 842 2858 ἐλαχίστους
863 2775 932 2840 τῶν
954 2770 1014 2840 τὸν
1037 2770 1145 2841 αὐτὸν·

84 2882 89 2889 ’
124 2870 228 2957 λόγον
252 2873 397 2959 ἐχόντων
419 2887 491 2953 τοῖς
513 2883 555 2961 A,
579 2881 619 2960 B,
644 2880 679 2945 Γ.

193 2979 238 3042 Ολ
254 2986 296 3063 A,
316 2984 356 3063 Β,
375 2983 407 3045 Γ
425 2977 489 3067 γὰρ
513 2978 588 3065 ήτοι
611 2984 737 3087 μρῶτοι
760 2978 844 3068 πρὸς
867 2978 1033 3070 ἀλλήλους
1056 2983 1145 3051 εἰσὶν

199 3168 461 3241 1.ὁὲτεροςἾφ.
503 3168 677 3240 τοῦ’ἕτε’ρου
701 3175 814 3244 Βνμφ.
887 3182 912 3230 2.
932 3170 1023 3247 ἐστίν]
1045 3177 1145 3247 (prius)

125 3261 180 3301 om.
199 3243 230 3299 B.
286 3250 311 3299 3.
322 3243 440 3311 ,πρῶτος
457 3239 594 3314 ἀριθμός]
615 3260 699 3314 ευμεν.
712 3263 748 3302 m.
765 3252 780 3300 2
798 3247 829 3315 V,
849 3241 974 3317 ἀριθμὸς
991 3249 1101 3317 πρῶτος
1114 3267 1144 3318 p.

161 3321 186 3370 7.
204 3311 250 3368 λὸ’
269 3313 430 3380 BV‚Pm.
449 3330 517 3381 ree.;
535 3311 579 3369 λε’
598 3333 625 3384 p.
708 3323 733 3372 8.
753 3317 810 3379 πᾶς
831 3315 857 3374 Ρ.
940 3323 981 3372 11.
1002 3313 1061 3372 ἐστι
1079 3318 1142 3388 ch.

125 3391 167 3438 12.
186 3381 319 3455 γεγονός]
339 3385 397 3454 Pp,
418 3384 504 3454 δῆλον
523 3384 612 3453 ΒἾφ.
706 3393 748 3441 13.
775 3385 944 3460 ἐπιταχθέν]
969 3385 1144 3459 ζήτεήμενὸν

123 3455 221 3510 Theon
239 3454 379 3524 (ssva).
455 3460 496 3511 17.
516 3451 559 3510 λε’
578 3456 737 3526 BV,Pm.
756 3475 825 3525 rec.;
844 3455 890 3513 λς’
910 3476 938 3528 p.
1013 3465 1055 3514 19.
1075 3457 1145 3524 τοὺς

124 3520 230 3590 αὐτοὺς
248 3521 348 3595 λόγους
366 3524 422 3595 Bp.
496 3531 539 3584 22.
558 3524 625 3590 τοὺς
643 3523 749 3590 αὐτοὺς
766 3525 867 3599 λόγους
886 3528 998 3601 vaqo.
