2446 3938
100 189 143 255 80
481 187 682 240 Συοοιωιου
702 181 745 267 ς’.ι

101 329 146 411 ώς
168 327 190 417 ἡ
214 337 283 398 ΒΔ
305 327 388 418 πρὸς
410 327 474 416 τὴν
497 336 583 415 ΔΑ,
607 328 714 407 οὕτως
727 324 753 414 ἡ
772 332 837 395 ΓΕ
853 324 936 415 πρὸς
953 324 1016 412 τὴν
1035 332 1113 410 ΕΑ,

66 455 68 458 ’
100 434 173 523 ἀλλ’
205 433 251 516 ὡς
278 435 339 523 μὲν
367 433 388 522 ἡ
417 442 487 503 ΒΔ
509 434 592 521 πρὸς
619 434 682 521 τὴν
706 442 791 520 ΔΑ,
820 433 927 513 οὕτως
949 431 986 501 τὸ
1010 439 1116 500 ΒΔΕ

101 532 269 633 τρίγωνον
290 542 373 631 πρὸς
395 541 432 610 τὸ
457 549 568 610 ΑΔΕ
586 546 766 628 τρίγωνον,
780 537 834 619 ὡς
853 540 891 608 δὲ
909 537 930 626 ἡ
949 545 1014 608 ΓΕ
1030 538 1115 621 πρὸς

100 649 164 736 τὴν
195 658 276 736 ΕΑ,
310 650 417 729 οὕτως
447 646 486 717 τὸ
514 654 614 716 ΓΔΕ
631 647 804 735 Ιτρίγωνον
831 646 915 735 πρὸς
941 644 978 714 τὸ
1008 653 1117 713 ΑΔΕ

66 762 283 845 στρίγωνον,
315 757 371 824 καὶ
401 754 448 835 ὡς
475 753 542 843 ἄρα
568 752 606 822 τὸ
637 761 742 821 ΒΔΕ
768 759 935 842 τρίγωνον
965 752 1048 842 πρὸς
1075 751 1114 821 τὸ

101 869 210 930 ΑΔΕ
237 868 434 951 τρίγωνον,
449 861 556 941 οὕτως
586 859 625 929 τὸ
649 866 749 929 ΓΔΕ
769 866 935 949 τρίγωνον
965 859 1048 949 πρὸς
1075 859 1113 928 τὸ

101 976 210 1036 ΑΔΕ
248 973 424 1056 τρίγωνον.
480 969 638 1056 ἑκάτερον
675 966 741 1054 ἄρα
772 971 841 1035 τών
873 974 993 1053 ΒΔΕ,
1017 972 1118 1035 ΓΔΕ

101 1075 276 1163 τριγώνων
299 1074 382 1162 πρὸς
405 1074 442 1143 τὸ
461 1083 569 1143 ΑΔΕ
584 1073 645 1143 τὸν
664 1071 769 1142 αὐτὸν
792 1078 857 1162 ἔχει
884 1073 997 1160 λόγον.
1038 1080 1115 1140 ἴσον

102 1177 168 1269 ἄρα
198 1181 268 1249 ἐστὶ
294 1180 332 1249 τὸ
356 1188 463 1249 ΒΔΕ
482 1187 649 1270 τρίγωνον
675 1183 721 1272 τῷ
745 1185 845 1248 ΓΔΕ
864 1179 1031 1272 τριγώνῳ·
1058 1184 1119 1246 καί

67 1291 191 1355 θεῖσιν
223 1289 277 1356 ἐπὶ
308 1292 367 1376 τῆς
399 1287 504 1375 αὐτῆς
533 1287 663 1374 βάσεως
696 1289 755 1372 τῆς
790 1294 866 1356 ΔΕ.
915 1285 956 1353 τὰ
989 1286 1027 1355 δὲ
1059 1294 1116 1353 ῖσα

102 1398 250 1482 τρίγωνα
272 1395 329 1462 καὶ
353 1395 405 1464 ἐπὶ
428 1399 487 1482 τῆς
510 1391 613 1481 αὐτῆς
636 1393 766 1480 βάσεως
789 1392 871 1462 ὄντα
893 1394 949 1461 καὶ
978 1394 1015 1462 ἐν
1041 1384 1116 1473 ταῖς

103 1496 219 1580 αὐτοῖς
251 1501 477 1588 παραλλήλοις
505 1496 604 1570 ἐστῖν.
646 1498 858 1589 παράλληλος
884 1499 951 1590 ἄρα
979 1499 1070 1568 ἐστὶν
1093 1495 1114 1587 ἡ

103 1614 174 1675 Λιο
193 1611 233 1696 ιη
257 1613 327 1675 ΒΓ.

150 1709 246 1787 ΙἘιλυ
268 1711 335 1800 ἄρα
357 1712 527 1802 τριγώνου
548 1713 638 1803 παρὰ
662 1719 744 1801 μίαν
762 1718 830 1783 τών
848 1718 1004 1801 πλευρῶν
1023 1713 1116 1804 ἀχθῇ

69 1832 84 1883 5
102 1843 153 1898 τις
171 1817 300 1905 εὐθεῖα,
319 1816 489 1907 ἀνάλογον
507 1833 600 1909 τεμεῖ
614 1820 675 1902 τὰς
692 1825 754 1889 τοῦ
771 1822 939 1911 τριγώνου
957 1820 1116 1910 πλευράς·

102 1925 158 1992 καὶ
182 1924 242 1994 ἐὰν
261 1928 299 1994 αλ
313 1930 377 1995 τοῦ
395 1927 564 2016 τριγώνου
581 1929 722 2018 πλευραὶ
741 1926 911 2016 σἰνώλογον
929 1933 1118 2016 τμηθῶσιν,

102 2029 125 2117 ἡ
147 2033 200 2100 ἐπὶ
222 2031 283 2113 τὰς
304 2032 408 2121 τομὰς
431 2037 689 2124 ἐπιζευγνυμένη
713 2034 831 2105 εὐθεῖα
854 2034 943 2123 παρὰ
966 2035 1028 2121 τὴν
1047 2043 1117 2103 λοι-

102 2136 170 2224 πὴν
198 2143 290 2206 ἔσται
318 2143 380 2209 τοῦ
409 2142 578 2229 τριγώνου
606 2141 768 2228 πλευράν·
799 2138 879 2227 ὅπερ
904 2144 971 2206 ἔδει
1002 2143 1118 2221 δεῖξαι.

587 2344 632 2402 γ.

67 2452 84 2502 0
166 2436 256 2507 Ἐὰν
283 2439 483 2526 τριγώνου
515 2436 536 2526 ἡ
569 2444 696 2528 γωνία
728 2444 818 2528 δίχα
840 2445 987 2530 τμηθῇ,
1020 2439 1041 2529 ἡ
1076 2442 1119 2510 δὲ

102 2546 301 2632 τέμνουσα
332 2544 403 2632 τὴν
435 2552 586 2632 γωνίαν
618 2543 760 2615 εὐθεῖα
791 2548 914 2637 τέμνη
947 2548 1013 2616 καλ
1045 2549 1117 2636 τὴν

102 2651 237 2737 βάσιν,
260 2649 305 2718 τὰ
328 2655 396 2736 τῆς
418 2650 569 2738 βάσεως
593 2652 773 2741 τμήματα
795 2651 864 2723 τὸν
894 2652 1015 2723 αὐτὸν
1039 2657 1118 2736 ἕξει

103 2755 225 2842 λόγον
255 2770 340 2837 ταῖς
376 2764 535 2838 λοιπαῖς
570 2764 642 2828 τοῦ
678 2760 878 2848 τριγώνου
914 2769 1117 2850 πλευραῖς·

102 2861 167 2929 καὶ
191 2861 259 2930 ἐὰν
282 2861 326 2930 τὰ
349 2866 417 2951 τῆς
439 2863 590 2950 βάσεως
611 2865 790 2954 τμήματα
812 2865 881 2937 τὸν
904 2864 1026 2937 αὐτὸν
1051 2873 1117 2958 ἔχη

66 2969 225 3056 ισλόγου
261 2983 346 3051 ταῖς
382 2979 539 3054 λοιπαῖς
575 2977 647 3041 τοῦ
679 2973 879 3063 τριγώνου
910 2982 1116 3064 πλευραῖς,

102 3073 123 3163 ἡ
157 3073 230 3144 ἀπὸ
259 3081 326 3164 τῆς
353 3083 531 3168 κορυφῆς
558 3079 620 3147 ἐπὶ
643 3078 714 3166 τὴν
741 3078 865 3168 τομὴν
888 3081 1118 3167 ἐπιζευγνυ-

103 3184 199 3271 μένη
241 3181 381 3253 εὐθεῖα
423 3190 512 3274 δίχα
552 3199 664 3274 τεμεῖ
702 3185 774 3274 τὴν
809 3191 880 3255 τοῦ
916 3186 1119 3277 τριγώνου

104 3295 264 3375 γωνίαν.

175 3456 200 3506 3.
211 3450 359 3520 τρίγωνον]
369 3451 440 3520 (alt.)
449 3468 503 3508 om.
511 3452 544 3507 V.
582 3459 607 3507 4.
618 3448 669 3522 τὴν
681 3454 748 3526 ΕΑ]
761 3449 792 3510 τὸ
804 3457 856 3508 ΕΑ
866 3471 922 3524 seq.
933 3472 985 3511 ras.
998 3455 1076 3512 llibt.
1087 3456 1120 3512 F.

140 3526 164 3576 5.
189 3520 237 3575 καλ
261 3516 299 3583 ώς
321 3516 378 3590 ἄρα
403 3554 436 3563 -
461 3529 490 3577 7:
515 3526 599 3578 ΑΔΕ
622 3525 771 3597 τρίγωνον]
795 3544 851 3596 mg.
874 3545 910 3583 m.
935 3532 951 3580 2
974 3527 1009 3582 V.
1093 3535 1119 3584 6.
