2446 3938
73 215 137 270 XVI
473 214 683 266 PRAEFATIO.

72 386 100 441 p.
126 365 198 439 324,
223 367 278 422 11:
300 356 364 439 τόν]
388 363 435 422 bis
457 364 485 422 b.

226 455 279 510 12:
302 445 344 526 Ξ]
370 453 398 509 Ε
422 471 449 527 q.
494 448 536 526 Β]
564 451 589 509 Θ
613 471 641 526 q.

226 542 280 600 13:
303 536 370 614 καί]
395 537 445 599 καλ
468 532 507 611 ὦς
530 540 558 599 b.

224 630 279 687 26:
302 621 364 687 ἄλλ’
392 621 444 704 ὡς]
469 620 509 699 ὦς
532 625 565 686 δέ
587 629 615 687 b.

225 719 279 776 28:
304 709 372 793 ἄρα]
397 736 453 776 om.
477 716 526 791 bq.

74 826 102 881 p.
127 807 200 879 326,
247 808 279 864 7:
304 801 348 879 οἱ]
373 824 430 864 om.
452 805 502 880 bq.

229 896 284 952 10:
308 885 435 970 ἀριθμὸς
458 885 473 952 5
497 889 538 968 Γ]
564 885 579 952 5
602 894 632 949 Γ
649 884 777 968 ἆραθμός
800 892 848 967 bq.

231 984 285 1041 13:
309 983 346 1053 A,
366 978 408 1056 Γ]
428 983 466 1055 Α,
485 983 517 1052 Β,
537 983 566 1038 Γ
580 982 686 1039 mutat.
710 980 741 1038 in
760 983 803 1056 A,
822 983 855 1056 Γ,
874 981 898 1036 Β
921 999 959 1038 m.
978 998 1035 1039 rec.
1055 980 1088 1055 b3

347 1070 526 1145 ARBQ

306 1153 353 1232 Ε]
378 1175 438 1232 seq.
462 1153 539 1215 ἔστιν
561 1150 620 1235 ἄρα
644 1149 683 1228 ὡς
706 1148 722 1217 5
746 1160 773 1215 A
795 1149 870 1235 πρὸς
892 1148 944 1215 τὸν
963 1158 1001 1224 Ε,
1024 1148 1040 1216 5
1060 1159 1088 1214 A

347 1237 421 1322 πρὸς
452 1237 503 1304 τὸν
530 1247 563 1304 Γ.
609 1237 671 1303 ἄλλ’
707 1237 747 1316 ὥς
776 1237 792 1304 5
815 1247 845 1303 A
874 1237 948 1322 πρὸς
975 1237 1027 1303 τὸν
1055 1247 1087 1316 Γ,

348 1328 442 1405 οὕτως
469 1325 485 1394 5
512 1336 542 1391 Γ
569 1326 658 1414 (corr.
687 1352 723 1394 ox
750 1335 780 1391 A
806 1326 840 1410 b)
870 1325 943 1408 πρὸς
975 1324 1026 1392 τὸν
1053 1335 1088 1391 Β.

350 1419 399 1481 καλ
428 1414 468 1494 ὦς
495 1415 553 1501 ἄρα
581 1413 597 1481 5
624 1423 653 1480 Δ
679 1413 753 1499 πρὸς
779 1414 830 1481 τὸν
858 1423 900 1496 Ε,
929 1413 944 1480 5
968 1423 997 1478 Γ
1015 1414 1089 1497 πρὸς

348 1503 400 1570 τὸν
423 1513 448 1569 Β
471 1530 491 1586 q
513 1515 544 1570 et
566 1529 627 1586 mg.
649 1530 688 1568 m.
711 1529 770 1569 rec.
792 1511 821 1569 b.

304 1591 412 1675 ἰσάκις]
436 1602 509 1658 mut.
532 1599 565 1657 in
588 1591 689 1670 ὁσάκις
711 1618 749 1656 m.
774 1616 832 1657 rec.
856 1597 883 1656 b.

306 1680 377 1763 ἄρα]
401 1690 508 1747 mutat.
531 1688 563 1746 in
586 1683 619 1746 δέ
643 1706 680 1745 m.
703 1705 760 1746 rec.
785 1687 812 1745 b.

229 1775 283 1832 14:
306 1772 356 1833 καλ
378 1767 394 1835 5
418 1777 497 1833 Ε-
512 1776 566 1834 15:
590 1767 703 1852 μετρεῖ]
728 1795 785 1834 om.
808 1775 836 1833 b.

306 1856 361 1939 δή]
386 1859 419 1922 δέ
442 1855 498 1943 5¹)

229 1953 282 2010 16:
305 1951 446 2029 πεποίηκε
469 1971 496 2027 q.
543 1950 608 2028 Seq.
637 1945 688 2011 τὸν
716 1946 748 2010 δὲ
776 1953 805 2009 Ε
834 1945 1089 2021 πολλαπλασιάσας

349 2033 400 2100 τὸν
422 2043 452 2099 Γ
469 2039 631 2117 πεποίηκεν
654 2058 673 2114 q
696 2042 727 2099 ot
749 2059 808 2116 mg.
833 2059 871 2097 m.
896 2058 953 2098 rec.
977 2041 1005 2099 b.

227 2131 282 2188 17:
306 2124 366 2188 ἔστι
388 2149 415 2206 q.
462 2127 507 2205 οἱ]
552 2128 566 2187 λ
585 2149 612 2204 q.

230 2215 579 2293 19:1]B]13,1⁷bq.

80 2326 108 2382 p.
133 2307 207 2382 328,
233 2307 285 2389 ⁸3:
310 2298 326 2365 5
354 2297 492 2364 Ζ-τὸν
519 2300 567 2378 A]
600 2295 734 2379 ἑκάτερος
765 2304 824 2361 τῶν
855 2306 892 2376 Ζ,
916 2306 952 2361 Η
978 2296 1029 2363 τὸν
1062 2305 1090 2360 Ε

349 2385 606 2462 πολλαπλασιάσας
628 2383 766 2468 ἑκάτερον
787 2392 846 2451 τῶν
869 2394 902 2468 Γ,
920 2394 945 2450 Β
968 2392 1014 2466 bq.

251 2482 285 2539 5:
309 2477 353 2555 Δ]
379 2482 403 2537 Ζ
426 2481 474 2556 bq.
519 2472 571 2539 τὸν
594 2476 640 2554 Ε]
665 2481 701 2537 Η
718 2483 765 2556 bq.

252 2571 283 2627 6:
307 2559 434 2644 A-5]
460 2586 516 2626 om.
540 2567 587 2644 bq.

306 2649 370 2732 τόν]
395 2676 451 2717 om.
474 2657 522 2732 bq.
559 2690 580 2733 .

306 2737 493 2805 adm—9:
516 2737 568 2805 τὸν
590 2742 633 2821 Β]
658 2763 715 2804 om.
739 2745 787 2822 bq.

253 2836 284 2892 9:
308 2826 373 2909 τόν]
398 2853 454 2894 om.
477 2836 526 2910 bq.

232 2924 286 2980 10:
309 2914 374 2997 τόν]
399 2914 511 3004 (prius)
536 2940 591 2982 om.
616 2922 663 2998 bq.

232 3013 286 3068 11:
309 3000 375 3087 τόν]
400 3030 456 3071 om.
479 3013 508 3070 b.

306 3099 474 3159 :wel-12:
496 3091 548 3160 τὸν
570 3096 619 3174 Η]
644 3118 700 3158 om.
723 3098 771 3172 bq.

229 3188 284 3246 13:
308 3182 434 3266 ἀριθμοί
454 3185 541 3264 εἰσιν]
566 3187 639 3247 εἰσιν
662 3175 788 3263 ἀριθμοί
807 3177 885 3266 bq.²)

230 3279 284 3334 17:
307 3270 417 3354 ὅμοιοι]
441 3297 497 3336 om.
521 3277 549 3336 b.

153 3408 179 3476 1)
198 3407 231 3460 In
249 3407 312 3462 adn.
331 3426 358 3476 p.
378 3413 439 3474 326,
461 3413 494 3461 14
517 3409 647 3462 addatur:
669 3414 729 3475 „14.
755 3405 808 3480 σή]
834 3425 902 3464 corr.
927 3423 961 3461 ex
984 3405 1017 3461 σέ
1041 3407 1089 3473 Β“,
1122 3394 1127 3405 ’

80 3475 113 3530 in
132 3477 195 3532 adn.
215 3477 251 3531 ad
269 3495 296 3546 p.
316 3483 377 3547 326,
396 3483 430 3532 20
450 3478 577 3534 deleatur
595 3482 644 3549 „et
661 3479 683 3532 Β
703 3481 783 3545 (corr.
802 3498 839 3533 m.
860 3483 914 3547 1)“.

152 3550 180 3617 2)
199 3546 275 3618 Ergo
293 3547 340 3604 hic
360 3548 427 3604 ordo
446 3550 596 3606 uerborum
614 3567 677 3604 cum
696 3549 718 3602 P
737 3549 936 3619 praeferendus
955 3553 1022 3605 erat„
