2446 3938
148 196 214 262 372
522 199 723 250 mommsen
740 200 784 252 ο.

147 339 375 418 λαπλασιάσας
397 339 458 406 τὸν
482 345 510 405 Β
534 344 726 424 πεποίηκεν·
751 337 769 407 6
793 337 858 426 άρα
881 336 947 408 ὑπὸ
971 347 1014 425 Θ,
1034 348 1079 409 Η
1099 350 1173 423 ίσος

147 446 216 513 ἐστὶ
239 449 285 535 τῷ
309 442 374 513 ἀπὸ
402 449 463 511 τοῦ
491 454 523 511 A
549 444 755 535 τετραγώνῳ.
798 450 888 513 ἔστιν
916 443 983 530 ἄρα
1013 443 1062 527 ὡς
1094 445 1114 516 6
1144 456 1172 516 Θ

147 549 230 634 πρὸς
253 551 313 619 τὸν
336 562 383 633 Α,
412 549 429 618 6
455 560 487 617 A
510 551 594 636 πρὸς
616 550 677 618 τὸν
702 558 743 620 Η.
789 565 903 638 μετρεῖ
928 551 966 620 66
995 549 1015 619 6
1045 564 1081 621 A
1110 553 1170 622 τὸν

146 664 193 724 Η·
217 671 330 742 μετρεῖ
351 655 417 739 άρα
440 657 495 722 καὶ
520 654 537 723 6
562 664 591 722 Θ
612 655 673 724 τὸν
696 665 729 724 A
758 660 893 744 πρῶτον
922 655 1008 724 ὄντα
1042 658 1091 746 μὴ
1121 657 1170 728 ὤν

111 761 237 852 ῖαύτῷ
271 763 288 829 6
323 760 439 840 αὐτός·
474 762 554 847 ὅπερ
584 760 719 829 άτοπον.
767 760 829 829 οὐκ
861 788 927 848 αρα
956 759 974 831 6
1009 766 1170 851 μέγιστος

147 866 164 936 6
194 876 228 934 A
255 866 320 936 ὑπὸ
349 869 464 954 ἑτέρου
497 865 648 953 ἀριθμοῦ
680 867 925 954 μετρηθήσεται
958 870 1064 957 παρὲξ
1099 878 1169 940 τῶν

145 984 193 1058 Α,
213 981 256 1058 Β,
276 980 316 1041 Γ·
341 974 423 1060 ὅπερ
447 978 516 1041 ἔδει
540 975 654 1053 δεῖξαι.

622 1167 680 1236 ιδ’.

210 1288 298 1358 Ἐάν
323 1291 527 1378 ἐλάχιστος
549 1290 725 1376 άριθμὸς
755 1289 830 1360 ὑπὸ
854 1293 1019 1378 πρώτων
1047 1290 1167 1380 άριθ·

94 1420 127 1469 10
147 1402 229 1484 μῶν
245 1402 448 1483 μετρῆται,
463 1395 523 1464 ὑπ’
543 1396 712 1477 οὐθενὸς
731 1399 854 1465 ἄλλον
868 1396 1026 1483 πρώτου
1046 1396 1167 1485 άριθ-

145 1508 220 1590 μοῦ
262 1502 554 1588 μετρηθήσεται
592 1504 712 1588 παρὲξ
752 1508 829 1571 τῶν
866 1505 904 1584 ἐξ
941 1501 1065 1591 ἀρχῆς
1104 1533 1167 1593 με·

145 1612 360 1695 τρούντων.
1123 1654 1127 1661 -

211 1712 401 1801 Ἐλάχιστος
427 1714 492 1801 γάρ
524 1711 672 1801 άριθμός
698 1712 716 1783 6
748 1724 780 1782 A
806 1712 871 1782 ὑπὸ
896 1714 1040 1802 πρώτων
1064 1716 1166 1806 ἀριθ-

146 1826 218 1908 μῶν
241 1826 310 1889 των
334 1829 373 1905 Β,
394 1827 431 1905 Γ,
452 1830 485 1888 Δ
508 1827 709 1907 μετρείσθω·
734 1823 830 1908 λέγω,
855 1819 907 1889 ὅτι
930 1818 948 1889 6
973 1831 1005 1889 A
1024 1821 1084 1891 ὑπ’
1110 1823 1168 1894 06

95 1950 127 1999 15
147 1926 244 2008 ὃενὸς
276 1929 382 1995 ἄλλον
418 1926 553 2013 πρώτον
590 1925 741 2013 ἀριθμοῦ
779 1930 1023 2016 μετρηθήσεται
1061 1930 1166 2019 παρὲξ

145 2039 214 2104 τῶν
237 2042 281 2120 Β,
302 2040 343 2119 Γ,
364 2042 406 2103 A.

212 2146 257 2208 Εί
286 2140 351 2229 γάρ
381 2138 544 2224 δυνατόν,
573 2144 760 2227 μετρείσθω
784 2138 849 2208 ὑπὸ
876 2142 1012 2228 πρώτον
1035 2146 1100 2210 τοῦ
1126 2152 1166 2229 Ε,

145 2249 201 2315 καὶ
235 2245 253 2316 6
287 2256 318 2315 E
349 2232 467 2332 μηθενὶ
499 2250 567 2312 των
596 2253 641 2330 Β,
662 2252 703 2331 Γ,
725 2255 757 2313 A
785 2252 867 2316 ἔστω
897 2245 915 2315 6
945 2245 1056 2326 αὐτός.
1108 2251 1165 2318 καὶ

147 2354 216 2421 ἐπεὶ
241 2351 259 2421 6
285 2361 316 2420 E
336 2351 396 2419 τὸν
420 2361 453 2419 A
476 2365 602 2438 μετρεῖ,
626 2358 782 2440 μετρείτω
807 2350 912 2420 αὐτὸν
935 2350 1018 2419 κατὰ
1037 2353 1103 2422 τὸν
1125 2365 1166 2424 Ζ·

94 2456 165 2530 206
200 2467 232 2527 E
248 2452 329 2547 ’άρα
360 2457 422 2526 τὸν
451 2465 477 2524 Ζ
507 2457 800 2538 πολλαπλασιάσας
826 2459 886 2527 τὸν
914 2469 947 2527 Α
972 2467 1168 2548 πεποίηκεν.

146 2566 203 2633 καὶ
232 2579 399 2653 μετρεῖται
428 2560 445 2631 6
475 2574 506 2631 A
537 2561 602 2630 ὑπὸ
628 2568 769 2650 πρώτων
794 2563 950 2652 ἀριθμῶν
971 2570 1042 2633 τῶν
1066 2575 1108 2652 Β,
1128 2576 1168 2655 Γ,

147 2680 188 2740 Δ.
238 2670 298 2738 ἐὰν
337 2669 374 2738 66
411 2670 474 2737 δύο
508 2667 649 2757 ἀριθμοὶ
682 2672 1031 2751 πολλαπλασιάσαντες
1064 2671 1168 2763 άλλή-

146 2783 226 2854 λους
249 2781 374 2843 ποιῶσί
394 2801 480 2861 τινα,
504 2774 564 2842 τὸν
589 2775 626 2843 66
648 2776 835 2864 γενόμενον
860 2779 893 2858 ἐξ
917 2775 1030 2845 αὐτῶν
1059 2786 1166 2870 μετρῇ

145 2905 195 2959 τις
217 2883 346 2964 πρῶτος
369 2879 530 2968 ἀριθμός,
554 2882 609 2949 καὶ
633 2884 693 2950 ἕνα
715 2886 784 2950 τῶν
807 2884 840 2963 ἐξ
864 2880 968 2970 άρχής
991 2885 1166 2972 μετρήσει·

93 2999 127 3049 25
146 2990 182 3054 oc
212 2993 254 3070 Β,
275 2991 316 3070 Γ,
337 2994 370 3052 A
403 2985 468 3075 άρα
501 2991 560 3056 ἕνα
593 2993 661 3056 τῶν
693 2997 737 3074 Ε,
758 2996 785 3056 Ζ
817 2989 1051 3078 μετρήσουσιν.
1101 2992 1166 3061 τὸν

145 3132 359 3144 .....-----—

218 3188 241 3235 1.
261 3177 363 3266 ὑπό]’
351 3201 382 3235 ειι
397 3201 452 3234 των
469 3181 566 3238 Theon
580 3184 692 3252 (Βίῳ)
743 3191 767 3240 3.
777 3179 820 3269 0]
835 3184 933 3254 (prlus)
948 3202 1084 3254 supram
1101 3188 1165 3243 lP.

145 3259 169 3306 4.
189 3250 239 3306 τὸν
258 3252 296 3338 A]
317 3248 366 3305 τὸν
386 3250 436 3306 τὸν
456 3260 523 3322 Αφ,
543 3255 592 3307 sed
607 3271 675 3308 corr
731 3261 755 3309 7
776 3250 845 3323 ὅπερ
862 3255 1041 3326 manassem]
1059 3275 1114 3315 om
1132 3261 1164 3315 B.

147 3330 187 3376 10.
208 3320 336 3402 πρώτον]
358 3337 411 3378 om
432 3323 461 3378 B
538 3331 579 3378 14
590 3325 724 3450 36&
741 3343 795 3380 ras.
822 3333 835 3379 1
860 3326 916 3382 litt.
936 3327 969 3381 V.
1044 3335 1087 3383 15.
1107 3351 1166 3384 ποι-

145 3393 238 3462 ρὲξ]
230 3410 261 3445 m
279 3393 332 3447 hoc
350 3395 518 3449 uocabulo
510 3395 612 3464 1ncip1t
654 3413 709 3450 ans
756 3402 826 3451 2344
852 3397 900 3452 fol.
922 3403 972 3451 166
992 3398 1041 3466 (q).
1120 3408 1165 3458 19.

144 3462 193 3514 καὶ
212 3460 285 3516 κατά
304 3463 374 3532 Vq),
394 3467 446 3518 καί
462 3465 516 3519 del.
537 3467 570 3519 V
643 3472 686 3521 20.
705 3464 761 3533 α”ρα
780 3464 829 3521 τὸν
854 3471 891 3536 Ζ]
915 3469 1011 3522 inser6.
1035 3473 1165 3529 m.1B.

85 3535 87 3539 ⁴
144 3537 280 3599 πεποίηκε
304 3533 391 3601 Ῡφη.
465 3542 507 3589 21.
531 3531 645 3606 ὑπό]
631 3533 687 3590 υπὸ
712 3538 820 3592 τῶνΡ.
894 3544 936 3594 22.
966 3541 1165 3598 πολυπλασιά-
