2446 3938
367 217 648 270 ELEMENTORUM
666 220 775 270 LIBER
792 221 867 274 VIII.
1060 219 1127 285 336

557 415 679 480 ΧΧΙΠ.

177 533 211 600 Si
240 539 394 620 quattuor
420 539 549 605 numeri
577 539 728 624 deinceps
756 541 1016 627 proportionales
1040 544 1126 626 sunt,

110 644 143 704 et
164 641 288 724 primus
313 644 413 709 eubus
438 649 504 730 est,
529 645 627 710 etiam
646 649 781 730 quartus
806 647 909 713 orbus
933 648 1004 713 erit.

177 745 251 811 Sint
278 752 433 833 quattuor
460 752 588 816 numeri
616 752 765 836 deinceps
794 754 1055 838 proportionales
1084 759 1124 840 A,

109 856 147 934 B,
165 855 202 937 Γ,
221 858 263 937 A,
286 858 319 918 et
342 861 374 919 A
397 857 496 922 cubus
522 859 574 922 sit.
621 859 700 941 dieo,
725 860 823 924 etiam
849 865 881 923 A
905 860 1025 924 eubum
1044 883 1125 927 esee.

497 986 574 1028 nam
612 966 764 1048 quoniam
797 967 881 1031 inter
912 972 961 1049 A,
990 973 1024 1032 A
1060 968 1124 1033 duo

430 1069 529 1134 medii
556 1072 816 1154 proportionales
841 1076 916 1137 sunt
938 1074 1066 1138 numeri
1084 1078 1122 1159 B,

432 1177 466 1259 Γ,
485 1181 518 1240 Α
537 1180 569 1240 et
588 1181 621 1240 A
644 1178 765 1242 similes
785 1183 862 1245 sunt
882 1180 976 1257 solidi
996 1181 1123 1245 numeri

326 1353 330 1391 ι
433 1282 542 1366 [prop.
571 1281 678 1364 XXI].
724 1305 836 1348 uerum
865 1291 898 1349 A
929 1286 1030 1350 cubus
1064 1289 1123 1350 est

432 1410 509 1474 ergo
529 1390 629 1455 etiam
644 1395 678 1454 A
696 1391 796 1456 cubus
811 1394 861 1456 eet
882 1389 958 1472 [VII
974 1389 1035 1456 def.
1050 1392 1121 1474 21];

88 1496 193 1580 'quod
218 1498 289 1560 erat
310 1497 609 1563 demonstrandum.

551 1690 671 1757 XXIV.

174 1811 208 1878 si
236 1813 298 1878 duo
331 1816 459 1879 numeri
488 1817 573 1878 inter
602 1836 636 1878 se
663 1815 824 1880 rationem
856 1815 993 1899 habent,
1023 1837 1121 1900 quam

106 1920 283 2005 quadratus
311 1940 463 1985 numerus
492 1921 533 1985 ad
563 1919 757 2004 quadratum
780 1941 966 2004 numerum,
995 1925 1028 1984 et
1054 1920 1146 2007 pri-¹

105 2048 177 2091 mus
202 2025 378 2109 quadratus
401 2030 463 2106 est,
489 2026 588 2091 etiam
611 2026 769 2091 secundus
794 2026 970 2110 quadratus
996 2028 1068 2091 erit.

170 2131 244 2198 Duo
269 2134 355 2198 enim
382 2133 509 2197 numeri
536 2138 582 2218 A,
600 2137 629 2197 Β
659 2133 744 2197 inter
775 2132 993 2198 serationem
1020 2132 1120 2196 habe-

105 2241 175 2324 ant,
203 2262 302 2324 quarn
330 2240 506 2324 quadratus
534 2261 687 2305 numerus
716 2241 749 2304 Γ
772 2239 813 2304 ad
837 2238 1035 2322 quadratum
1061 2261 1118 2303 nu·

104 2369 228 2411 merum
258 2353 304 2431 A,
335 2351 368 2411 et
390 2353 422 2411 A
445 2347 622 2432 quadratus
651 2347 703 2411 sit.
749 2347 834 2430 dieo,
855 2346 963 2412 'etiam
987 2351 1015 2411 B
1040 2369 1118 2431 qua·

104 2453 233 2517 drotum
256 2475 336 2516 esee.

170 2581 246 2624 nam
275 2559 429 2643 quoniam
456 2563 497 2644 Γ,
517 2564 550 2623 A
574 2559 724 2644 quadrati
751 2562 843 2642 sunt,
875 2560 917 2642 Γ,
937 2563 970 2622 A
994 2559 1116 2624 similes

478 2669 553 2731 sunt
571 2666 671 2751 plani.
705 2667 815 2750 itaque
829 2666 915 2729 inter
929 2666 971 2748 Γ,
986 2670 1020 2728 A
1033 2688 1116 2731 unus

476 2773 601 2836 medius
624 2771 878 2856 proportionalis
897 2771 1117 2855 interponitur

474 2900 627 2943 numerus
649 2880 753 2962 [prop.
767 2875 902 2957 XVIII}
937 2881 1115 2944 astantem

475 2987 524 3048 P:
540 2989 573 3048 A
588 3015 630 3037 =
645 2990 699 3050 A:
715 2989 752 3050 B.
789 3004 888 3070 quare
913 2982 1011 3048 etiam
1030 2985 1115 3049 inter

465 3089 511 3176 A,
536 3095 565 3156 Β
595 3113 678 3157 unus
707 3091 832 3157 medius
860 3091 1114 3174 proportionalis

100 3197 318 3280 interponitur
347 3218 499 3261 numerus
532 3198 640 3281 [prop.
663 3195 772 3278 VIII].
819 3199 851 3260 et
878 3202 910 3260 A
938 3196 1114 3280 quadratus

101 3306 158 3368 est.
205 3323 281 3389 ergo
306 3304 404 3369 etiam
427 3308 455 3368 B
476 3303 654 3388 quadratus
679 3307 728 3369 eet
752 3307 856 3388 [prop.
880 3301 1004 3386 XXII];
1028 3302 1114 3386 quod

100 3414 170 3475 erat
192 3411 488 3477 demonstrandum.

103 2739 125 2787 A
132 2751 301 2789 ι--ι

403 2845 433 2893 ιΒ
