<?xml version="1.0" encoding="UTF-8"?>
<!DOCTYPE html PUBLIC "-//W3C//DTD XHTML 1.0 Transitional//EN"
    "http://www.w3.org/TR/xhtml1/DTD/xhtml1-transitional.dtd">
<html xmlns="http://www.w3.org/1999/xhtml" xml:lang="en" lang="en">
 <head>
  <title>
</title>
<meta http-equiv="Content-Type" content="text/html;charset=utf-8" />
  <meta name='ocr-system' content='tesseract 3.04.00' />
  <meta name='ocr-capabilities' content='ocr_page ocr_carea ocr_par ocr_line ocrx_word'/>
</head>
<body>
  <div class='ocr_page' id='page_1' title='image "./euclidisoperaom19unkngoog_0391.png"; bbox 0 0 2446 3938; ppageno 0'>
   <div class='ocr_carea' id='block_1_1' title="bbox 127 166 787 262">
    <p class='ocr_par' dir='ltr' id='par_1_1' title="bbox 127 166 787 262">
     <span class='ocr_line' id='line_1_1' title="bbox 127 166 787 262; baseline 0.012 -13"><span class='ocrx_word' id='word_1_1' title='bbox 127 166 214 262; x_wconf 67' lang='lat'><em>&#39;362</em></span> <span class='ocrx_word' id='word_1_2' title='bbox 524 200 725 251; x_wconf 73' lang='grc' dir='ltr'><em>Σεοιεειιωει</em></span> <span class='ocrx_word' id='word_1_3' title='bbox 743 192 787 257; x_wconf 79' lang='grc' dir='ltr'><em>ε’.</em></span> 
     </span>
    </p>
   </div>
   <div class='ocr_carea' id='block_1_2' title="bbox 97 336 1173 1524">
    <p class='ocr_par' dir='ltr' id='par_1_2' title="bbox 147 336 1173 428">
     <span class='ocr_line' id='line_1_2' title="bbox 147 336 1173 428; baseline 0.003 -21"><span class='ocrx_word' id='word_1_4' title='bbox 147 336 300 427; x_wconf 85' lang='grc' dir='ltr'><em>άριθμὸν</em></span> <span class='ocrx_word' id='word_1_5' title='bbox 328 351 441 427; x_wconf 88' lang='grc' dir='ltr'><em>μετρεῖ</em></span> <span class='ocrx_word' id='word_1_6' title='bbox 460 339 517 406; x_wconf 78' lang='grc' dir='ltr'><em>καὶ</em></span> <span class='ocrx_word' id='word_1_7' title='bbox 541 337 559 407; x_wconf 91' lang='lat'><em>6</em></span> <span class='ocrx_word' id='word_1_8' title='bbox 584 348 618 407; x_wconf 93' lang='grc' dir='ltr'><em>Δ</em></span> <span class='ocrx_word' id='word_1_9' title='bbox 639 337 699 408; x_wconf 83' lang='grc' dir='ltr'><em>τὸν</em></span> <span class='ocrx_word' id='word_1_10' title='bbox 723 346 766 407; x_wconf 87' lang='grc' dir='ltr'><em>Ε·</em></span> <span class='ocrx_word' id='word_1_11' title='bbox 794 336 936 419; x_wconf 77' lang='grc' dir='ltr'><em>ἐναλλὰξ</em></span> <span class='ocrx_word' id='word_1_12' title='bbox 960 337 1032 428; x_wconf 83' lang='grc' dir='ltr'><em>άρα</em></span> <span class='ocrx_word' id='word_1_13' title='bbox 1063 340 1173 422; x_wconf 83' lang='grc' dir='ltr'><em>ἰσάκις</em></span> 
     </span>
    </p>

    <p class='ocr_par' dir='ltr' id='par_1_3' title="bbox 147 442 1172 533">
     <span class='ocr_line' id='line_1_3' title="bbox 147 442 1172 533; baseline 0.004 -21"><span class='ocrx_word' id='word_1_14' title='bbox 147 442 169 531; x_wconf 80' lang='grc' dir='ltr'>ἡ</span> <span class='ocrx_word' id='word_1_15' title='bbox 199 454 231 512; x_wconf 92' lang='grc' dir='ltr'><em>Α</em></span> <span class='ocrx_word' id='word_1_16' title='bbox 260 444 367 531; x_wconf 82' lang='grc' dir='ltr'><em>μονάς</em></span> <span class='ocrx_word' id='word_1_17' title='bbox 393 443 454 513; x_wconf 88' lang='grc' dir='ltr'><em>τὸν</em></span> <span class='ocrx_word' id='word_1_18' title='bbox 483 454 516 512; x_wconf 93' lang='grc' dir='ltr'><em>Δ</em></span> <span class='ocrx_word' id='word_1_19' title='bbox 543 459 657 533; x_wconf 77' lang='grc' dir='ltr'><em>μετρεῖ</em></span> <span class='ocrx_word' id='word_1_20' title='bbox 684 447 740 514; x_wconf 82' lang='grc' dir='ltr'><em>καὶ</em></span> <span class='ocrx_word' id='word_1_21' title='bbox 764 443 782 513; x_wconf 94' lang='lat'><em>6</em></span> <span class='ocrx_word' id='word_1_22' title='bbox 806 452 835 512; x_wconf 87' lang='lat' dir='ltr'><strong><em>B</em></strong></span> <span class='ocrx_word' id='word_1_23' title='bbox 857 442 918 513; x_wconf 80' lang='grc' dir='ltr'><em>τὸν</em></span> <span class='ocrx_word' id='word_1_24' title='bbox 941 452 981 513; x_wconf 89' lang='grc' dir='ltr'><em>Ε.</em></span> <span class='ocrx_word' id='word_1_25' title='bbox 1029 443 1052 533; x_wconf 80' lang='grc' dir='ltr'><em>ἡ</em></span> <span class='ocrx_word' id='word_1_26' title='bbox 1079 447 1120 516; x_wconf 72' lang='grc' dir='ltr'><em>δὲ</em></span> <span class='ocrx_word' id='word_1_27' title='bbox 1142 458 1172 516; x_wconf 83' lang='grc' dir='ltr'><em>Α</em></span> 
     </span>
    </p>

    <p class='ocr_par' dir='ltr' id='par_1_4' title="bbox 149 548 1171 644">
     <span class='ocr_line' id='line_1_4' title="bbox 149 548 1171 644; baseline 0.003 -26"><span class='ocrx_word' id='word_1_28' title='bbox 149 549 257 639; x_wconf 82' lang='grc' dir='ltr'><em>μονάς</em></span> <span class='ocrx_word' id='word_1_29' title='bbox 278 549 338 619; x_wconf 84' lang='grc' dir='ltr'><em>τὸν</em></span> <span class='ocrx_word' id='word_1_30' title='bbox 362 560 397 618; x_wconf 87' lang='grc' dir='ltr'><em>Δ</em></span> <span class='ocrx_word' id='word_1_31' title='bbox 418 565 531 639; x_wconf 80' lang='grc' dir='ltr'><strong><em>μετρεῖ</em></strong></span> <span class='ocrx_word' id='word_1_32' title='bbox 551 551 633 619; x_wconf 81' lang='grc' dir='ltr'><em>κατὰ</em></span> <span class='ocrx_word' id='word_1_33' title='bbox 657 550 717 633; x_wconf 83' lang='grc' dir='ltr'><em>τὰς</em></span> <span class='ocrx_word' id='word_1_34' title='bbox 740 554 778 620; x_wconf 76' lang='grc' dir='ltr'><em>ἐν</em></span> <span class='ocrx_word' id='word_1_35' title='bbox 801 548 893 644; x_wconf 74' lang='grc' dir='ltr'><em>αὐτῷ</em></span> <span class='ocrx_word' id='word_1_36' title='bbox 916 551 1088 639; x_wconf 77' lang='grc' dir='ltr'><em>μονάδας·</em></span> <span class='ocrx_word' id='word_1_37' title='bbox 1116 555 1171 622; x_wconf 81' lang='grc' dir='ltr'><em>καὶ</em></span> 
     </span>
    </p>

    <p class='ocr_par' dir='ltr' id='par_1_5' title="bbox 150 654 1170 750">
     <span class='ocr_line' id='line_1_5' title="bbox 150 654 1170 750; baseline 0.003 -26"><span class='ocrx_word' id='word_1_38' title='bbox 150 654 168 724; x_wconf 91' lang='lat'><em>6</em></span> <span class='ocrx_word' id='word_1_39' title='bbox 192 664 221 724; x_wconf 90' lang='lat' dir='ltr'><em>B</em></span> <span class='ocrx_word' id='word_1_40' title='bbox 245 655 311 742; x_wconf 86' lang='grc' dir='ltr'><em>άρα</em></span> <span class='ocrx_word' id='word_1_41' title='bbox 332 656 395 725; x_wconf 87' lang='grc' dir='ltr'><em>τὸν</em></span> <span class='ocrx_word' id='word_1_42' title='bbox 418 665 450 724; x_wconf 88' lang='grc' dir='ltr'><em>Ε</em></span> <span class='ocrx_word' id='word_1_43' title='bbox 470 671 583 744; x_wconf 82' lang='grc' dir='ltr'><em>μετρεῖ</em></span> <span class='ocrx_word' id='word_1_44' title='bbox 603 658 685 725; x_wconf 81' lang='grc' dir='ltr'><em>κατὰ</em></span> <span class='ocrx_word' id='word_1_45' title='bbox 709 656 769 739; x_wconf 79' lang='grc' dir='ltr'><em>τὰς</em></span> <span class='ocrx_word' id='word_1_46' title='bbox 796 660 832 726; x_wconf 80' lang='grc' dir='ltr'><em>ἐν</em></span> <span class='ocrx_word' id='word_1_47' title='bbox 859 662 906 750; x_wconf 79' lang='grc' dir='ltr'><em>τῷ</em></span> <span class='ocrx_word' id='word_1_48' title='bbox 936 666 971 725; x_wconf 88' lang='grc' dir='ltr'><em>Δ</em></span> <span class='ocrx_word' id='word_1_49' title='bbox 998 659 1170 744; x_wconf 80' lang='grc' dir='ltr'><em>μονάδας·</em></span> 
     </span>
    </p>

    <p class='ocr_par' dir='ltr' id='par_1_6' title="bbox 115 760 1171 854">
     <span class='ocr_line' id='line_1_6' title="bbox 115 760 1171 854; baseline 0.002 -23"><span class='ocrx_word' id='word_1_50' title='bbox 115 779 132 831; x_wconf 78' lang='grc' dir='ltr'><em>ῖ</em></span> <span class='ocrx_word' id='word_1_51' title='bbox 151 760 235 830; x_wconf 77' lang='grc' dir='ltr'><em>ὥστε</em></span> <span class='ocrx_word' id='word_1_52' title='bbox 259 760 277 830; x_wconf 91' lang='lat'><em>6</em></span> <span class='ocrx_word' id='word_1_53' title='bbox 302 761 453 830; x_wconf 78' lang='grc' dir='ltr'><strong><em>ἐλάσσων</em></strong></span> <span class='ocrx_word' id='word_1_54' title='bbox 476 760 494 831; x_wconf 91' lang='lat'><em>6</em></span> <span class='ocrx_word' id='word_1_55' title='bbox 518 771 547 830; x_wconf 90' lang='grc' dir='ltr'><strong><em>Β</em></strong></span> <span class='ocrx_word' id='word_1_56' title='bbox 570 761 630 831; x_wconf 87' lang='grc' dir='ltr'><em>τὸν</em></span> <span class='ocrx_word' id='word_1_57' title='bbox 653 769 789 849; x_wconf 78' lang='grc' dir='ltr'><em>μείζονα</em></span> <span class='ocrx_word' id='word_1_58' title='bbox 811 762 871 832; x_wconf 89' lang='grc' dir='ltr'><em>τὸν</em></span> <span class='ocrx_word' id='word_1_59' title='bbox 895 772 928 832; x_wconf 92' lang='grc' dir='ltr'><em>Ε</em></span> <span class='ocrx_word' id='word_1_60' title='bbox 947 779 1069 854; x_wconf 78' lang='grc' dir='ltr'><em>μετρεῖ</em></span> <span class='ocrx_word' id='word_1_61' title='bbox 1086 766 1171 833; x_wconf 88' lang='grc' dir='ltr'><em>ιιατά</em></span> 
     </span>
    </p>

    <p class='ocr_par' dir='ltr' id='par_1_7' title="bbox 148 866 1171 1062">
     <span class='ocr_line' id='line_1_7' title="bbox 148 866 1171 961; baseline 0.005 -26"><span class='ocrx_word' id='word_1_62' title='bbox 148 894 225 937; x_wconf 92' lang='grc' dir='ltr'><em>τινα</em></span> <span class='ocrx_word' id='word_1_63' title='bbox 239 867 391 956; x_wconf 88' lang='grc' dir='ltr'><em>άριθμὸν</em></span> <span class='ocrx_word' id='word_1_64' title='bbox 405 873 474 937; x_wconf 77' lang='grc' dir='ltr'><em>τῶν</em></span> <span class='ocrx_word' id='word_1_65' title='bbox 492 866 715 958; x_wconf 80' lang='grc' dir='ltr'><em>ὑπαρχόντων</em></span> <span class='ocrx_word' id='word_1_66' title='bbox 734 873 771 937; x_wconf 80' lang='grc' dir='ltr'><em>ἐν</em></span> <span class='ocrx_word' id='word_1_67' title='bbox 784 883 855 950; x_wconf 89' lang='grc' dir='ltr'><em>τοῖς</em></span> <span class='ocrx_word' id='word_1_68' title='bbox 873 867 1050 957; x_wconf 80' lang='grc' dir='ltr'><em>ἀνάλογον</em></span> <span class='ocrx_word' id='word_1_69' title='bbox 1071 871 1171 961; x_wconf 91' lang='grc' dir='ltr'><em>άριθ-</em></span> 
     </span>
     <span class='ocr_line' id='line_1_8' title="bbox 148 989 231 1062; baseline 0.012 -20"><span class='ocrx_word' id='word_1_70' title='bbox 148 989 231 1062; x_wconf 90' lang='grc' dir='ltr'><em>μοῖς.</em></span> 
     </span>
    </p>

    <p class='ocr_par' dir='ltr' id='par_1_8' title="bbox 556 1100 752 1188">
     <span class='ocr_line' id='line_1_9' title="bbox 556 1100 752 1188; baseline -0.005 -20"><span class='ocrx_word' id='word_1_71' title='bbox 556 1100 752 1188; x_wconf 88' lang='grc' dir='ltr'><em>Πόρισμα.</em></span> 
     </span>
    </p>

    <p class='ocr_par' dir='ltr' id='par_1_9' title="bbox 216 1218 1170 1314">
     <span class='ocr_line' id='line_1_10' title="bbox 216 1218 1170 1314; baseline 0.003 -23"><span class='ocrx_word' id='word_1_72' title='bbox 216 1224 285 1291; x_wconf 84' lang='grc' dir='ltr'><em>Καὶ</em></span> <span class='ocrx_word' id='word_1_73' title='bbox 317 1223 483 1312; x_wconf 82' lang='grc' dir='ltr'><em>φανερόν,</em></span> <span class='ocrx_word' id='word_1_74' title='bbox 517 1218 568 1292; x_wconf 70' lang='grc' dir='ltr'><em>ὄὶι</em></span> <span class='ocrx_word' id='word_1_75' title='bbox 597 1222 641 1311; x_wconf 77' lang='grc' dir='ltr'><em>ἣν</em></span> <span class='ocrx_word' id='word_1_76' title='bbox 669 1230 740 1312; x_wconf 80' lang='grc' dir='ltr'><em>ἔχει’</em></span> <span class='ocrx_word' id='word_1_77' title='bbox 762 1223 857 1306; x_wconf 82' lang='grc' dir='ltr'><em>τάξιν</em></span> <span class='ocrx_word' id='word_1_78' title='bbox 885 1221 903 1292; x_wconf 91' lang='lat'><em>6</em></span> <span class='ocrx_word' id='word_1_79' title='bbox 937 1228 1071 1314; x_wconf 75' lang='grc' dir='ltr'><em>μετρῶν</em></span> <span class='ocrx_word' id='word_1_80' title='bbox 1101 1224 1170 1295; x_wconf 87' lang='grc' dir='ltr'><em>άπὸ</em></span> 
     </span>
    </p>

    <p class='ocr_par' dir='ltr' id='par_1_10' title="bbox 97 1328 1169 1421">
     <span class='ocr_line' id='line_1_11' title="bbox 97 1328 1169 1421; baseline 0.004 -24"><span class='ocrx_word' id='word_1_81' title='bbox 97 1346 131 1396; x_wconf 87' lang='grc'><em>10</em></span> <span class='ocrx_word' id='word_1_82' title='bbox 150 1329 312 1417; x_wconf 76' lang='grc' dir='ltr'><em>μονάδος,</em></span> <span class='ocrx_word' id='word_1_83' title='bbox 339 1328 401 1416; x_wconf 79' lang='grc' dir='ltr'><em>τὴν</em></span> <span class='ocrx_word' id='word_1_84' title='bbox 425 1329 532 1417; x_wconf 79' lang='grc' dir='ltr'><em>αὐτὴν</em></span> <span class='ocrx_word' id='word_1_85' title='bbox 556 1333 699 1418; x_wconf 79' lang='grc' dir='ltr'><em>ἔχεικαὶ</em></span> <span class='ocrx_word' id='word_1_86' title='bbox 723 1329 741 1400; x_wconf 88' lang='grc' dir='ltr'>ὃ</span> <span class='ocrx_word' id='word_1_87' title='bbox 769 1329 849 1398; x_wconf 81' lang='grc' dir='ltr'><em>καθ’</em></span> <span class='ocrx_word' id='word_1_88' title='bbox 885 1328 927 1399; x_wconf 79' lang='grc' dir='ltr'><em>ὃν</em></span> <span class='ocrx_word' id='word_1_89' title='bbox 956 1345 1074 1421; x_wconf 86' lang='grc' dir='ltr'><em>μετρεῖ</em></span> <span class='ocrx_word' id='word_1_90' title='bbox 1100 1331 1169 1401; x_wconf 88' lang='grc' dir='ltr'><em>άπὸ</em></span> 
     </span>
    </p>

    <p class='ocr_par' dir='ltr' id='par_1_11' title="bbox 148 1434 1169 1524">
     <span class='ocr_line' id='line_1_12' title="bbox 148 1434 1169 1524; baseline 0.005 -21"><span class='ocrx_word' id='word_1_91' title='bbox 148 1441 210 1505; x_wconf 84' lang='grc' dir='ltr'><em>τοῦ</em></span> <span class='ocrx_word' id='word_1_92' title='bbox 225 1435 454 1522; x_wconf 79' lang='grc' dir='ltr'><em>μετρουμένου</em></span> <span class='ocrx_word' id='word_1_93' title='bbox 469 1437 520 1503; x_wconf 78' lang='grc' dir='ltr'><em>ἐπὶ</em></span> <span class='ocrx_word' id='word_1_94' title='bbox 535 1435 572 1503; x_wconf 90' lang='grc' dir='ltr'><em>τὸ</em></span> <span class='ocrx_word' id='word_1_95' title='bbox 587 1435 651 1523; x_wconf 86' lang='grc' dir='ltr'><em>πρὸ</em></span> <span class='ocrx_word' id='word_1_96' title='bbox 668 1435 784 1504; x_wconf 79' lang='grc' dir='ltr'><em>αὐτοῦ.</em></span> <span class='ocrx_word' id='word_1_97' title='bbox 799 1476 842 1487; x_wconf 98' lang='grc'>-</span> <span class='ocrx_word' id='word_1_98' title='bbox 857 1434 938 1524; x_wconf 82' lang='grc' dir='ltr'><em>ὅπερ</em></span> <span class='ocrx_word' id='word_1_99' title='bbox 954 1442 1022 1506; x_wconf 80' lang='grc' dir='ltr'><em>ἔδει</em></span> <span class='ocrx_word' id='word_1_100' title='bbox 1049 1441 1169 1520; x_wconf 85' lang='grc' dir='ltr'><em>δεῖξαι.</em></span> 
     </span>
    </p>
   </div>
   <div class='ocr_carea' id='block_1_3' title="bbox 97 1630 1173 2915">
    <p class='ocr_par' dir='ltr' id='par_1_12' title="bbox 627 1630 685 1715">
     <span class='ocr_line' id='line_1_13' title="bbox 627 1630 685 1715; baseline -0.034 -18"><span class='ocrx_word' id='word_1_101' title='bbox 627 1630 685 1715; x_wconf 81' lang='grc' dir='ltr'><em>ιβ’.</em></span> 
     </span>
    </p>

    <p class='ocr_par' dir='ltr' id='par_1_13' title="bbox 214 1749 1171 1845">
     <span class='ocr_line' id='line_1_14' title="bbox 214 1749 1171 1845; baseline 0.005 -26.047"><span class='ocrx_word' id='word_1_102' title='bbox 214 1752 301 1820; x_wconf 83' lang='grc' dir='ltr'><em>Ἐάν</em></span> <span class='ocrx_word' id='word_1_103' title='bbox 330 1749 403 1821; x_wconf 82' lang='grc' dir='ltr'><em>άπὸ</em></span> <span class='ocrx_word' id='word_1_104' title='bbox 434 1751 647 1840; x_wconf 67' lang='grc' dir='ltr'><em>μονάδος“</em></span> <span class='ocrx_word' id='word_1_105' title='bbox 633 1760 854 1823; x_wconf 86' lang='grc' dir='ltr'><em>οποσοιοῦν</em></span> <span class='ocrx_word' id='word_1_106' title='bbox 878 1753 1049 1843; x_wconf 80' lang='grc' dir='ltr'><em>ἀριθμοὶ</em></span> <span class='ocrx_word' id='word_1_107' title='bbox 1081 1759 1171 1845; x_wconf 78' lang='grc' dir='ltr'><em>ἑξῆς</em></span> 
     </span>
    </p>

    <p class='ocr_par' dir='ltr' id='par_1_14' title="bbox 97 1852 1171 2160">
     <span class='ocr_line' id='line_1_15' title="bbox 150 1852 1170 1951; baseline 0.005 -25"><span class='ocrx_word' id='word_1_108' title='bbox 150 1858 352 1946; x_wconf 79' lang='grc' dir='ltr'><em>ἀνάλογον</em></span> <span class='ocrx_word' id='word_1_109' title='bbox 381 1852 495 1946; x_wconf 77' lang='grc' dir='ltr'><em>ὦσιν,</em></span> <span class='ocrx_word' id='word_1_110' title='bbox 523 1857 588 1947; x_wconf 83' lang='grc' dir='ltr'><em>ὑφ’</em></span> <span class='ocrx_word' id='word_1_111' title='bbox 619 1859 723 1929; x_wconf 85' lang='grc' dir='ltr'><em>ὅσων</em></span> <span class='ocrx_word' id='word_1_112' title='bbox 751 1856 800 1929; x_wconf 83' lang='grc' dir='ltr'><em>άν</em></span> <span class='ocrx_word' id='word_1_113' title='bbox 830 1859 848 1929; x_wconf 89' lang='grc' dir='ltr'><strong>ὁ</strong></span> <span class='ocrx_word' id='word_1_114' title='bbox 873 1866 1037 1948; x_wconf 80' lang='grc' dir='ltr'><em>ἔσχατος</em></span> <span class='ocrx_word' id='word_1_115' title='bbox 1066 1864 1170 1951; x_wconf 77' lang='grc' dir='ltr'><em>πρά-</em></span> 
     </span>
     <span class='ocr_line' id='line_1_16' title="bbox 97 1958 1171 2053; baseline 0.007 -23"><span class='ocrx_word' id='word_1_116' title='bbox 97 1980 130 2030; x_wconf 79' lang='grc'><em>15</em></span> <span class='ocrx_word' id='word_1_117' title='bbox 151 1991 229 2034; x_wconf 88' lang='grc' dir='ltr'><em>των</em></span> <span class='ocrx_word' id='word_1_118' title='bbox 261 1963 447 2053; x_wconf 75' lang='grc' dir='ltr'><em>ἀριθμῶν</em></span> <span class='ocrx_word' id='word_1_119' title='bbox 479 1970 685 2053; x_wconf 82' lang='grc' dir='ltr'><em>μετρῆται,</em></span> <span class='ocrx_word' id='word_1_120' title='bbox 717 1964 793 2035; x_wconf 82' lang='grc' dir='ltr'><em>ὑπὸ</em></span> <span class='ocrx_word' id='word_1_121' title='bbox 826 1971 902 2035; x_wconf 78' lang='grc' dir='ltr'><em>τῶν</em></span> <span class='ocrx_word' id='word_1_122' title='bbox 935 1958 1069 2036; x_wconf 80' lang='grc' dir='ltr'><em>αὐτῶν</em></span> <span class='ocrx_word' id='word_1_123' title='bbox 1102 1970 1171 2038; x_wconf 79' lang='grc' dir='ltr'><em>καὶ</em></span> 
     </span>
     <span class='ocr_line' id='line_1_17' title="bbox 150 2069 896 2160; baseline -0.001 -20"><span class='ocrx_word' id='word_1_124' title='bbox 150 2069 169 2141; x_wconf 91' lang='lat'><em>6</em></span> <span class='ocrx_word' id='word_1_125' title='bbox 193 2072 297 2160; x_wconf 80' lang='grc' dir='ltr'><em>παρὰ</em></span> <span class='ocrx_word' id='word_1_126' title='bbox 320 2070 394 2159; x_wconf 78' lang='grc' dir='ltr'><em>τὴν</em></span> <span class='ocrx_word' id='word_1_127' title='bbox 416 2073 571 2159; x_wconf 86' lang='grc' dir='ltr'><em>μονάδα</em></span> <span class='ocrx_word' id='word_1_128' title='bbox 593 2071 896 2159; x_wconf 79' lang='grc' dir='ltr'><em>μετρηθήσεται.</em></span> 
     </span>
    </p>

    <p class='ocr_par' dir='ltr' id='par_1_15' title="bbox 150 2175 1171 2477">
     <span class='ocr_line' id='line_1_18' title="bbox 210 2175 1171 2268; baseline 0.003 -22"><span class='ocrx_word' id='word_1_129' title='bbox 210 2177 382 2246; x_wconf 87' lang='grc' dir='ltr'><em>’Ἑστωσαν</em></span> <span class='ocrx_word' id='word_1_130' title='bbox 415 2175 481 2246; x_wconf 88' lang='grc' dir='ltr'><em>άπὸ</em></span> <span class='ocrx_word' id='word_1_131' title='bbox 514 2177 662 2265; x_wconf 86' lang='grc' dir='ltr'><em>μονάδος</em></span> <span class='ocrx_word' id='word_1_132' title='bbox 694 2176 986 2264; x_wconf 79' lang='grc' dir='ltr'><em>ὁποσοιδηποτοῦν</em></span> <span class='ocrx_word' id='word_1_133' title='bbox 1015 2175 1171 2268; x_wconf 79' lang='grc' dir='ltr'><em>άριθμοὶ</em></span> 
     </span>
     <span class='ocr_line' id='line_1_19' title="bbox 150 2281 1169 2372; baseline 0.006 -21"><span class='ocrx_word' id='word_1_134' title='bbox 150 2283 321 2371; x_wconf 74' lang='grc' dir='ltr'><em>ἀνάλογον</em></span> <span class='ocrx_word' id='word_1_135' title='bbox 350 2289 386 2352; x_wconf 79' lang='lat' dir='ltr'><em>oc</em></span> <span class='ocrx_word' id='word_1_136' title='bbox 407 2294 453 2369; x_wconf 88' lang='lat' dir='ltr'><em>A,</em></span> <span class='ocrx_word' id='word_1_137' title='bbox 472 2292 516 2369; x_wconf 80' lang='lat' dir='ltr'><em>B,</em></span> <span class='ocrx_word' id='word_1_138' title='bbox 536 2290 580 2369; x_wconf 87' lang='grc' dir='ltr'><em>Γ,</em></span> <span class='ocrx_word' id='word_1_139' title='bbox 600 2293 645 2351; x_wconf 88' lang='grc' dir='ltr'><em>Δ·</em></span> <span class='ocrx_word' id='word_1_140' title='bbox 673 2286 775 2370; x_wconf 79' lang='grc' dir='ltr'><em>λέγω,</em></span> <span class='ocrx_word' id='word_1_141' title='bbox 800 2285 851 2352; x_wconf 78' lang='grc' dir='ltr'><em>ὅτι</em></span> <span class='ocrx_word' id='word_1_142' title='bbox 873 2281 933 2372; x_wconf 80' lang='grc' dir='ltr'><em>ὑφ’</em></span> <span class='ocrx_word' id='word_1_143' title='bbox 961 2283 1054 2353; x_wconf 77' lang='grc' dir='ltr'><em>ὅσων</em></span> <span class='ocrx_word' id='word_1_144' title='bbox 1079 2283 1125 2355; x_wconf 80' lang='grc' dir='ltr'><em>ἂν</em></span> <span class='ocrx_word' id='word_1_145' title='bbox 1150 2286 1169 2357; x_wconf 89' lang='lat'><em>6</em></span> 
     </span>
     <span class='ocr_line' id='line_1_20' title="bbox 150 2387 1170 2477; baseline 0.006 -20"><span class='ocrx_word' id='word_1_146' title='bbox 150 2399 184 2457; x_wconf 82' lang='lat' dir='ltr'><em>A</em></span> <span class='ocrx_word' id='word_1_147' title='bbox 211 2389 352 2477; x_wconf 79' lang='grc' dir='ltr'><em>πρώτων</em></span> <span class='ocrx_word' id='word_1_148' title='bbox 380 2388 539 2476; x_wconf 75' lang='grc' dir='ltr'><em>ἀριθμῶν</em></span> <span class='ocrx_word' id='word_1_149' title='bbox 570 2394 742 2477; x_wconf 79' lang='grc' dir='ltr'><em>μετρῆται,</em></span> <span class='ocrx_word' id='word_1_150' title='bbox 774 2387 841 2458; x_wconf 82' lang='grc' dir='ltr'><em>ὑπὸ</em></span> <span class='ocrx_word' id='word_1_151' title='bbox 869 2395 938 2459; x_wconf 77' lang='grc' dir='ltr'><em>τῶν</em></span> <span class='ocrx_word' id='word_1_152' title='bbox 967 2388 1083 2460; x_wconf 80' lang='grc' dir='ltr'><em>αὐτῶν</em></span> <span class='ocrx_word' id='word_1_153' title='bbox 1111 2396 1170 2463; x_wconf 82' lang='grc' dir='ltr'><em>καὶ</em></span> 
     </span>
    </p>

    <p class='ocr_par' dir='ltr' id='par_1_16' title="bbox 99 2494 502 2582">
     <span class='ocr_line' id='line_1_21' title="bbox 99 2494 502 2582; baseline -0.005 -18"><span class='ocrx_word' id='word_1_154' title='bbox 99 2494 171 2571; x_wconf 77' lang='lat'><em>206</em></span> <span class='ocrx_word' id='word_1_155' title='bbox 196 2505 228 2563; x_wconf 88' lang='lat' dir='ltr'><em>A</em></span> <span class='ocrx_word' id='word_1_156' title='bbox 251 2494 502 2582; x_wconf 81' lang='grc' dir='ltr'><em>μετρηθήσεται.</em></span> 
     </span>
    </p>

    <p class='ocr_par' dir='ltr' id='par_1_17' title="bbox 148 2598 1173 2906">
     <span class='ocr_line' id='line_1_22' title="bbox 216 2598 1167 2693; baseline 0.005 -23"><span class='ocrx_word' id='word_1_157' title='bbox 216 2607 418 2688; x_wconf 74' lang='grc' dir='ltr'><em>Μετρείσθω</em></span> <span class='ocrx_word' id='word_1_158' title='bbox 446 2599 510 2687; x_wconf 74' lang='grc' dir='ltr'><em>γάρ</em></span> <span class='ocrx_word' id='word_1_159' title='bbox 539 2599 557 2669; x_wconf 89' lang='grc' dir='ltr'>ὁ</span> <span class='ocrx_word' id='word_1_160' title='bbox 582 2611 615 2669; x_wconf 91' lang='grc' dir='ltr'><em>Δ</em></span> <span class='ocrx_word' id='word_1_161' title='bbox 637 2598 703 2669; x_wconf 83' lang='grc' dir='ltr'><em>ὑπό</em></span> <span class='ocrx_word' id='word_1_162' title='bbox 727 2628 819 2681; x_wconf 88' lang='grc' dir='ltr'><em>τινος</em></span> <span class='ocrx_word' id='word_1_163' title='bbox 841 2601 975 2686; x_wconf 81' lang='grc' dir='ltr'><em>πράτου</em></span> <span class='ocrx_word' id='word_1_164' title='bbox 1008 2600 1167 2693; x_wconf 85' lang='grc' dir='ltr'><em>άριθμοῦ</em></span> 
     </span>
     <span class='ocr_line' id='line_1_23' title="bbox 148 2705 1173 2799; baseline 0.005 -23"><span class='ocrx_word' id='word_1_165' title='bbox 148 2713 210 2776; x_wconf 89' lang='grc' dir='ltr'><em>τοῦ</em></span> <span class='ocrx_word' id='word_1_166' title='bbox 238 2716 279 2774; x_wconf 76' lang='grc' dir='ltr'><em>Ε·</em></span> <span class='ocrx_word' id='word_1_167' title='bbox 306 2709 408 2794; x_wconf 78' lang='grc' dir='ltr'><em>λέγω,</em></span> <span class='ocrx_word' id='word_1_168' title='bbox 437 2706 488 2776; x_wconf 82' lang='grc' dir='ltr'><em>ὅτι</em></span> <span class='ocrx_word' id='word_1_169' title='bbox 516 2705 533 2775; x_wconf 90' lang='lat'><em>6</em></span> <span class='ocrx_word' id='word_1_170' title='bbox 564 2715 595 2774; x_wconf 88' lang='lat' dir='ltr'><em>E</em></span> <span class='ocrx_word' id='word_1_171' title='bbox 620 2706 679 2776; x_wconf 86' lang='grc' dir='ltr'><em>τὸν</em></span> <span class='ocrx_word' id='word_1_172' title='bbox 706 2717 738 2776; x_wconf 87' lang='grc' dir='ltr'><em>Α</em></span> <span class='ocrx_word' id='word_1_173' title='bbox 766 2722 884 2796; x_wconf 88' lang='grc' dir='ltr'><em>μετρεῖ.</em></span> <span class='ocrx_word' id='word_1_174' title='bbox 930 2710 974 2796; x_wconf 79' lang='grc' dir='ltr'><em>μὴ</em></span> <span class='ocrx_word' id='word_1_175' title='bbox 998 2709 1080 2799; x_wconf 75' lang='grc' dir='ltr'><em>γάρ·</em></span> <span class='ocrx_word' id='word_1_176' title='bbox 1110 2720 1173 2781; x_wconf 83' lang='grc' dir='ltr'><em>καί</em></span> 
     </span>
     <span class='ocr_line' id='line_1_24' title="bbox 149 2810 1168 2915; baseline 0.006 -34"><span class='ocrx_word' id='word_1_177' title='bbox 149 2816 240 2881; x_wconf 82' lang='grc' dir='ltr'><em>ἐστιν</em></span> <span class='ocrx_word' id='word_1_178' title='bbox 272 2810 290 2881; x_wconf 91' lang='lat'><em>6</em></span> <span class='ocrx_word' id='word_1_179' title='bbox 319 2821 349 2880; x_wconf 89' lang='lat' dir='ltr'><em>E</em></span> <span class='ocrx_word' id='word_1_180' title='bbox 375 2818 520 2899; x_wconf 73' lang='grc' dir='ltr'><em>πρῶτος,</em></span> <span class='ocrx_word' id='word_1_181' title='bbox 554 2811 638 2915; x_wconf 80' lang='grc' dir='ltr'><em>ἅπας</em></span> <span class='ocrx_word' id='word_1_182' title='bbox 671 2814 708 2881; x_wconf 73' lang='grc' dir='ltr'><em>δὲ</em></span> <span class='ocrx_word' id='word_1_183' title='bbox 740 2819 871 2901; x_wconf 78' lang='grc' dir='ltr'><em>πρῶτος</em></span> <span class='ocrx_word' id='word_1_184' title='bbox 902 2812 1050 2902; x_wconf 81' lang='grc' dir='ltr'><em>ἀριθμὸς</em></span> <span class='ocrx_word' id='word_1_185' title='bbox 1080 2817 1168 2906; x_wconf 88' lang='grc' dir='ltr'><em>πρὸς</em></span> 
     </span>
    </p>
   </div>
   <div class='ocr_carea' id='block_1_4' title="bbox 147 3020 1171 3467">
    <p class='ocr_par' dir='ltr' id='par_1_18' title="bbox 147 3020 1171 3452">
     <span class='ocr_line' id='line_1_25' title="bbox 221 3020 1149 3152; baseline 0 -72"><span class='ocrx_word' id='word_1_186' title='bbox 221 3032 245 3081; x_wconf 91' lang='grc'><strong>2</strong></span> <span class='ocrx_word' id='word_1_187' title='bbox 266 3024 297 3080; x_wconf 68' lang='grc' dir='ltr'><em>δὲ</em></span> <span class='ocrx_word' id='word_1_188' title='bbox 317 3027 355 3098; x_wconf 84' lang='grc' dir='ltr'><em>Α]</em></span> <span class='ocrx_word' id='word_1_189' title='bbox 376 3023 458 3094; x_wconf 77' lang='grc' dir='ltr'><em>δέφ.</em></span> <span class='ocrx_word' id='word_1_190' title='bbox 522 3031 547 3082; x_wconf 87' lang='lat'>4</span> <span class='ocrx_word' id='word_1_191' title='bbox 566 3026 665 3149; x_wconf 51' lang='lat' dir='ltr'><em>69}AE</em></span> <span class='ocrx_word' id='word_1_192' title='bbox 686 3020 813 3096; x_wconf 76' lang='grc' dir='ltr'><em>αὐτῷφ.</em></span> <span class='ocrx_word' id='word_1_193' title='bbox 878 3033 903 3081; x_wconf 90' lang='grc'><em>8.</em></span> <span class='ocrx_word' id='word_1_194' title='bbox 921 3024 1149 3152; x_wconf 57' lang='grc' dir='ltr'><em>πόρισρίμ-Ιι</em></span> 
     </span>
     <span class='ocr_line' id='line_1_26' title="bbox 147 3053 1169 3256; baseline 0.001 -31"><span class='ocrx_word' id='word_1_195' title='bbox 147 3094 665 3256; x_wconf 35' lang='lat' dir='ltr'><em>666&#39;666106661&#39;16s65566660666BP66</em></span> <span class='ocrx_word' id='word_1_196' title='bbox 651 3081 921 3255; x_wconf 47' lang='lat'><em>661666666666</em></span> <span class='ocrx_word' id='word_1_197' title='bbox 940 3114 1076 3223; x_wconf 58' lang='lat'><em>6620&amp;</em></span> <span class='ocrx_word' id='word_1_198' title='bbox 1056 3189 1097 3232; x_wconf 86' lang='grc' dir='ltr'><em>ως</em></span> <span class='ocrx_word' id='word_1_199' title='bbox 1115 3053 1169 3226; x_wconf 68' lang='lat'><em>6616</em></span> 
     </span>
     <span class='ocr_line' id='line_1_27' title="bbox 149 3230 1170 3328; baseline 0.001 -32"><span class='ocrx_word' id='word_1_200' title='bbox 149 3242 224 3297; x_wconf 87' lang='grc' dir='ltr'>ΔΡ</span> <span class='ocrx_word' id='word_1_201' title='bbox 317 3246 358 3295; x_wconf 89' lang='lat'><em>14.</em></span> <span class='ocrx_word' id='word_1_202' title='bbox 378 3241 465 3328; x_wconf 88' lang='grc' dir='ltr'><em>οσων]</em></span> <span class='ocrx_word' id='word_1_203' title='bbox 490 3255 559 3293; x_wconf 85' lang='lat' dir='ltr'>corr</span> <span class='ocrx_word' id='word_1_204' title='bbox 584 3255 618 3293; x_wconf 80' lang='lat' dir='ltr'><em>ex</em></span> <span class='ocrx_word' id='word_1_205' title='bbox 641 3230 681 3293; x_wconf 77' lang='grc' dir='ltr'><em>ὧν</em></span> <span class='ocrx_word' id='word_1_206' title='bbox 705 3258 742 3294; x_wconf 90' lang='lat' dir='ltr'><em>m.</em></span> <span class='ocrx_word' id='word_1_207' title='bbox 761 3256 815 3294; x_wconf 78' lang='lat' dir='ltr'><strong>reo.</strong></span> <span class='ocrx_word' id='word_1_208' title='bbox 836 3238 867 3292; x_wconf 91' lang='grc' dir='ltr'>Ρ</span> <span class='ocrx_word' id='word_1_209' title='bbox 960 3245 1001 3293; x_wconf 83' lang='grc'><em>15.</em></span> <span class='ocrx_word' id='word_1_210' title='bbox 1019 3248 1170 3308; x_wconf 84' lang='grc' dir='ltr'><em>μετρεῖται</em></span> 
     </span>
     <span class='ocr_line' id='line_1_28' title="bbox 149 3305 1169 3398; baseline 0.002 -32"><span class='ocrx_word' id='word_1_211' title='bbox 149 3312 240 3379; x_wconf 84' lang='grc' dir='ltr'>ΒΡφ.</span> <span class='ocrx_word' id='word_1_212' title='bbox 328 3318 370 3366; x_wconf 82' lang='grc'><em>17.</em></span> <span class='ocrx_word' id='word_1_213' title='bbox 390 3307 596 3379; x_wconf 77' lang='grc' dir='ltr'><em>ὁσοιδηποτοῦν</em></span> <span class='ocrx_word' id='word_1_214' title='bbox 614 3309 704 3379; x_wconf 89' lang='grc' dir='ltr'>ΒΡφ.</span> <span class='ocrx_word' id='word_1_215' title='bbox 792 3316 833 3366; x_wconf 90' lang='lat'><em>18.</em></span> <span class='ocrx_word' id='word_1_216' title='bbox 853 3305 910 3364; x_wconf 78' lang='grc' dir='ltr'><em>ὑπὸ</em></span> <span class='ocrx_word' id='word_1_217' title='bbox 923 3305 1044 3398; x_wconf 82' lang='grc' dir='ltr'><em>ὅσωΡ,</em></span> <span class='ocrx_word' id='word_1_218' title='bbox 1063 3331 1082 3365; x_wconf 84' lang='grc' dir='ltr'><em>ν</em></span> <span class='ocrx_word' id='word_1_219' title='bbox 1101 3313 1169 3369; x_wconf 74' lang='lat' dir='ltr'><strong>add.</strong></span> 
     </span>
     <span class='ocr_line' id='line_1_29' title="bbox 148 3353 1171 3467; baseline 0.004 -32"><span class='ocrx_word' id='word_1_220' title='bbox 148 3390 185 3435; x_wconf 74' lang='lat'>111.</span> <span class='ocrx_word' id='word_1_221' title='bbox 205 3398 260 3435; x_wconf 82' lang='lat' dir='ltr'><em>rec</em></span> <span class='ocrx_word' id='word_1_222' title='bbox 317 3389 356 3437; x_wconf 90' lang='grc'><em>19.</em></span> <span class='ocrx_word' id='word_1_223' title='bbox 385 3388 527 3452; x_wconf 86' lang='grc' dir='ltr'><em>μετρειται</em></span> <span class='ocrx_word' id='word_1_224' title='bbox 549 3382 620 3467; x_wconf 69' lang='lat' dir='ltr'>Vq).</span> <span class='ocrx_word' id='word_1_225' title='bbox 678 3387 721 3436; x_wconf 89' lang='grc'><em>22.</em></span> <span class='ocrx_word' id='word_1_226' title='bbox 741 3378 803 3452; x_wconf 85' lang='grc' dir='ltr'><em>τόν]</em></span> <span class='ocrx_word' id='word_1_227' title='bbox 823 3380 871 3436; x_wconf 79' lang='grc' dir='ltr'><em>καὶ</em></span> <span class='ocrx_word' id='word_1_228' title='bbox 898 3378 949 3435; x_wconf 83' lang='grc' dir='ltr'><em>τόν</em></span> <span class='ocrx_word' id='word_1_229' title='bbox 956 3353 1044 3467; x_wconf 84' lang='grc' dir='ltr'>Ρφ</span> <span class='ocrx_word' id='word_1_230' title='bbox 1060 3384 1103 3451; x_wconf 72' lang='lat'><em>96,</em></span> <span class='ocrx_word' id='word_1_231' title='bbox 1134 3387 1171 3439; x_wconf 77' lang='lat' dir='ltr'><em>ut</em></span> 
     </span>
    </p>
   </div>
   <div class='ocr_carea' id='block_1_5' title="bbox 148 3447 1172 3590">
    <p class='ocr_par' dir='ltr' id='par_1_19' title="bbox 148 3447 1172 3590">
     <span class='ocr_line' id='line_1_30' title="bbox 148 3447 1172 3590; baseline 0.007 -85"><span class='ocrx_word' id='word_1_232' title='bbox 148 3452 275 3590; x_wconf 40' lang='grc' dir='ltr'><em>μὲδᾷῖιᾘε,</em></span> <span class='ocrx_word' id='word_1_233' title='bbox 303 3454 324 3506; x_wconf 88' lang='grc' dir='ltr'>Β</span> <span class='ocrx_word' id='word_1_234' title='bbox 352 3471 388 3507; x_wconf 91' lang='lat' dir='ltr'><em>m.</em></span> <span class='ocrx_word' id='word_1_235' title='bbox 418 3470 472 3507; x_wconf 83' lang='lat' dir='ltr'><em>reo</em></span> <span class='ocrx_word' id='word_1_236' title='bbox 520 3447 558 3521; x_wconf 83' lang='grc' dir='ltr'><em>μὴ</em></span> <span class='ocrx_word' id='word_1_237' title='bbox 588 3448 641 3521; x_wconf 75' lang='grc' dir='ltr'><em>γάρ</em></span> <span class='ocrx_word' id='word_1_238' title='bbox 672 3449 846 3521; x_wconf 85' lang='grc' dir='ltr'><em>μετρείτω</em></span> <span class='ocrx_word' id='word_1_239' title='bbox 835 3471 849 3506; x_wconf 98' lang='grc' dir='ltr'><em>ο</em></span> <span class='ocrx_word' id='word_1_240' title='bbox 878 3455 903 3505; x_wconf 88' lang='grc' dir='ltr'><em>Ε</em></span> <span class='ocrx_word' id='word_1_241' title='bbox 935 3447 985 3506; x_wconf 82' lang='grc' dir='ltr'><em>τὸν</em></span> <span class='ocrx_word' id='word_1_242' title='bbox 1018 3457 1040 3506; x_wconf 79' lang='lat' dir='ltr'><em>A</em></span> <span class='ocrx_word' id='word_1_243' title='bbox 1068 3452 1172 3512; x_wconf 75' lang='lat' dir='ltr'>Theon</span> 
     </span>
     <span class='ocr_line' id='line_1_31' title="bbox 221 3542 242 3590; baseline 0 0"><span class='ocrx_word' id='word_1_244' title='bbox 221 3542 242 3590; x_wconf 78' lang='grc' dir='ltr'>(Ρ</span> 
     </span>
    </p>
   </div>
   <div class='ocr_carea' id='block_1_6' title="bbox 67 3676 150 3696">
    <p class='ocr_par' dir='ltr' id='par_1_20' title="bbox 67 3676 150 3696">
     <span class='ocr_line' id='line_1_32' title="bbox 67 3676 150 3696; baseline 0 0"><span class='ocrx_word' id='word_1_245' title='bbox 67 3676 150 3696; x_wconf 58' lang='grc' dir='ltr'><em>ι-ι-</em></span> 
     </span>
    </p>
   </div>
   <div class='ocr_carea' id='block_1_7' title="bbox 0 0 1229 3938">
    <p class='ocr_par' dir='ltr' id='par_1_21' title="bbox 0 0 1229 3938">
     <span class='ocr_line' id='line_1_33' title="bbox 0 0 1229 3938; baseline 0 0"><span class='ocrx_word' id='word_1_246' title='bbox 0 0 1229 3938; x_wconf 95' lang='lat' dir='ltr'><em> </em></span> 
     </span>
    </p>
   </div>
  </div>
 </body>
</html>
