2446 3938
375 192 650 245 mammonam
667 194 776 246 mama
793 195 854 247 vn.
1054 193 1118 258 197

102 341 165 403 iur.
221 357 321 420 quare
353 341 387 400 A
424 336 603 400 eommunis
641 357 794 401 mensura
827 341 877 402 est
912 324 1120 404 numerorum

102 449 143 527 A,
161 447 199 521 Β,
217 444 254 507 Γ.
300 440 387 524 dico,
420 442 557 506 eundem
589 443 764 506 maximam
796 463 876 507 esse.
924 465 1001 508 nam
1029 445 1058 508 si
1086 449 1120 508 A

101 569 308 614 numerorum
332 553 376 625 A,
394 551 439 633 Β,
459 551 492 612 Γ
510 549 652 612 maxima
674 568 827 613 mensura
850 549 1029 615 communia
1053 570 1121 614 non

104 658 163 739 est,
182 674 334 719 numerus
355 654 473 738 aliquis
492 675 628 719 numero
648 658 682 717 A
699 653 804 718 maior
821 651 971 720 numeros
986 660 1026 738 A,
1040 658 1078 738 B,
1092 657 1125 719 Γ

102 761 264 825 metietur.
309 760 465 826 metiatur
487 764 520 824 et
542 761 587 825 sit
610 765 647 824 E.
693 759 759 824 iam
784 762 936 844 quoniam
958 766 989 825 E
1010 781 1121 825 nume·

102 883 157 932 ros
182 871 227 950 A,
252 869 295 950 B,
317 869 350 930 Γ
373 867 523 951 metitur,
554 867 653 932 eiiam
685 873 731 946 A,
753 871 782 930 Β
810 868 972 932 metietur.
1022 886 1122 949 quara

104 974 203 1037 etiam
235 970 410 1036 maximam
447 993 633 1036 mensuram
671 993 876 1038 communem
912 992 1121 1036 numerorum

107 1085 149 1160 A,
169 1082 196 1142 Β
215 1078 369 1142 meiiaiur
388 1079 493 1162 [prop.
511 1076 545 1141 II
563 1077 698 1157 coroll.].
738 1098 853 1142 uerum
872 1078 1017 1142 maxima
1033 1097 1121 1141 men·

107 1206 183 1247 sura
210 1185 389 1250 communis
417 1206 627 1249 numerorum
658 1187 753 1266 A,B
778 1188 829 1248 esi
859 1189 902 1249 A.
951 1185 1063 1266 itaqua
1092 1185 1124 1246 E

110 1289 244 1354 meiiiur
276 1295 310 1354 A
341 1293 446 1356 maior
479 1292 652 1373 minorem,
685 1291 770 1375 quod
802 1291 874 1355 fieri
906 1313 973 1355 non
1004 1291 1121 1373 potesta

104 1396 216 1480 itaque
239 1417 392 1461 numeros
416 1403 458 1479 A,
477 1401 516 1480 B,
534 1400 567 1461 Γ
584 1419 651 1462 non
674 1396 827 1461 metietur
844 1418 998 1463 numerus
1017 1394 1122 1459 maior

103 1523 236 1567 numero
260 1506 302 1566 A.
348 1523 425 1587 ergo
451 1507 483 1566 A
511 1503 653 1568 maxima
680 1505 731 1567 asi
757 1501 909 1568 mensura
937 1499 1118 1568 communis

107 1629 314 1672 numerorum
337 1614 383 1692 A,
401 1612 444 1689 B,
463 1611 499 1672 Γ.

170 1715 236 1778 iam
270 1735 311 1778 ne
343 1714 496 1778 metiatur
524 1719 557 1777 A
585 1737 756 1779 numerum
784 1717 820 1780 Γ.
870 1715 941 1778 dico
969 1714 1120 1798 primum,

107 1841 259 1886 numeros
283 1822 323 1901 Γ,
343 1825 376 1884 A
403 1841 470 1884 non
500 1841 570 1884 essa
599 1821 721 1903 primos
744 1821 832 1883 inter
856 1842 899 1884 sa.
945 1841 1021 1882 nam
1045 1839 1121 1901 quo-

103 1925 198 1990 niam
220 1931 263 2009 A,
282 1930 320 2009 B,
339 1929 372 1990 Γ
390 1926 488 2009 primi
511 1947 578 1990 non
602 1928 679 1988 suni
702 1925 790 1989 inter
814 1947 863 2006 se,
887 1947 1041 1990 numerus
1066 1925 1123 1989 ali-

105 2031 176 2116 quis
200 2053 255 2096 eos
278 2032 439 2097 metietur.
485 2031 540 2116 qui
565 2032 673 2094 autem
693 2034 735 2113 A,
753 2033 793 2111 B,
812 2031 844 2093 Γ
858 2029 1000 2112 metitur,
1023 2031 1122 2094 eiiam

104 2141 192 2222 A,B
217 2138 377 2222 metietur,
401 2141 434 2203 et
457 2143 492 2202 A
514 2137 691 2201 maximam
710 2157 896 2199 mensuram
919 2155 1123 2198 communem

105 2266 314 2335 numerorum
342 2251 382 2329 A,
408 2249 436 2308 B
465 2244 618 2309 metietur
652 2245 756 2327 [prop.
775 2240 809 2305 II
828 2241 962 2321 coroll.].
1011 2260 1125 2304 uarum

108 2351 207 2414 eiiam
230 2353 263 2415 Γ
281 2351 423 2416 metitur.
469 2372 568 2436 quare
590 2371 743 2414 numeros
767 2353 814 2433 A,
833 2351 866 2413 Γ
887 2368 1041 2412 numerus
1065 2346 1122 2410 ali-

110 2456 181 2541 quis
205 2457 365 2522 metiatur.
411 2458 521 2542 itaqua
544 2462 586 2541 A,
606 2459 638 2521 Γ
661 2456 760 2541 primi
782 2477 849 2520 non
873 2457 949 2519 suni
971 2454 1057 2517 iniat
1081 2475 1125 2519 se.

108 2565 255 2627 sumatur
290 2565 392 2650 igiiur
424 2586 536 2629 aarum
572 2564 717 2627 maxima
752 2583 905 2626 mansura
942 2559 1123 2624 eommunis

107 2673 138 2733 E
155 2671 259 2755 [prop.
278 2671 335 2751 11].
376 2674 409 2734 ei
429 2670 582 2754 quoniam
602 2673 634 2733 E
650 2669 784 2734 meiitur
804 2674 845 2751 A,
864 2671 898 2730 A
913 2669 1021 2731 auiam
1037 2669 1124 2749 Α,Β

109 2775 255 2858 metitur,
278 2777 377 2840 etiam
400 2780 432 2839 E
453 2777 588 2841 metitur
609 2781 652 2857 A,
671 2779 708 2840 Β.
753 2796 866 2839 uarum
886 2774 985 2845 etiam
1008 2775 1040 2838 Γ
1059 2795 1124 2838 ma·

102 2864 195 2942 ¹iitur.
242 2884 273 2942 E
298 2881 400 2964 igitur
423 2887 466 2963 A,
485 2885 526 2965 Β,
544 2885 576 2946 Γ
600 2881 742 2945 metitur.
793 2902 891 2966 quare
920 2885 952 2944 E
975 2901 1125 2945 numero·

106 3007 179 3049 rum
202 2991 243 3069 A,
265 2989 305 3066 Β,
323 2987 355 3049 Γ
375 2985 557 3049 eommunis
581 2989 811 3050 est-mansura.
856 2986 922 3049 iam
942 2985 1025 3068 dico,
1049 3007 1124 3049 eun·

107 3092 179 3156 dam
207 3092 380 3175 maximam
409 3111 488 3154 essa.
533 3112 609 3154 nam
642 3092 670 3154 si
694 3095 725 3154 E
746 3111 954 3154 numerorum
977 3095 1021 3170 A,
1039 3094 1078 3173 B,
1097 3093 1129 3152 Γ

111 3266 1125 3278 ...Μ-...-

108 3372 152 3427 bis
170 3373 201 3428 F.
275 3370 324 3427 nal
345 3365 359 3425 ὁ
379 3373 404 3424 Ε
423 3365 480 3440 ἄρα
497 3363 565 3431 τοὺς
582 3373 618 3439 A,
638 3373 660 3422 B
680 3367 792 3438 μετρεῖ]
811 3385 867 3437 mg.
886 3385 922 3426 m.
942 3374 957 3423 2
977 3369 1018 3437 B„
1081 3376 1123 3425 23.

109 3444 151 3515 Γ]
169 3444 265 3500 inseri
285 3463 321 3499 m.
340 3459 395 3498 rec.
415 3442 445 3498 B.
528 3436 639 3512 κοινόν]
658 3437 701 3496 bis
720 3439 758 3507 P,
776 3437 833 3494 sed.
853 3455 923 3496 corr.
1009 3447 1052 3496 24.
1071 3437 1124 3510 δή]

73 3538 75 3543 ·
111 3530 165 3570 om.
183 3516 215 3570 P.
288 3520 331 3569 25.
350 3511 399 3586 τό]
420 3531 473 3570 om.
493 3532 520 3583 p.
