2446 3938
153 184 217 249 112
538 181 742 237 εοοοιειοω
760 177 801 236 τ’.

151 324 342 413 γράμμων
369 321 716 395 ἀντιπεπόνθασιν
746 324 787 391 αἰ
812 322 980 411 πλευραί
1008 322 1051 388 αἰ
1075 321 1167 411 περὶ

151 429 220 511 τὰς
243 438 330 511 ἰσας
351 434 510 517 γωνίας·
540 419 682 498 καλόν
708 431 939 515 ἰσογωνίων
964 435 1168 518 παραλλη-

154 535 394 624 λογράμμων
440 533 787 604 ἀντιπεπόνθασιν
831 535 874 601 αἰ
917 533 1085 622 πλευραὶ
1124 535 1170 601 αἰ

154 642 245 730 περὶ
266 641 335 722 τάς
359 648 446 722 ἴσας
468 645 631 727 γωνίας,
652 647 722 708 ἰστι
745 640 854 708 ἐστίν
877 641 1019 709 ἐκεῖνα

120 771 137 821 5
214 745 324 820 Ἔστω
355 755 414 817 ίσα
443 772 480 817 τε
506 747 563 815 καί
589 744 753 832 ίσογοόνια
773 745 1106 835 παραλληλόγραμμα
1125 745 1170 819 τὰ

154 860 232 940 ΑΒ,
248 857 315 921 ΒΓ
342 861 417 932 ίσας
448 857 567 939 ἔχοντα
597 849 656 932 τάς
686 849 770 939 πρὸς
800 855 847 944 τῷ
879 859 908 919 Β
940 856 1081 939 γωνίας,
1114 851 1171 920 καί

155 964 349 1028 κείσθωσαν
386 955 436 1026 ἐπ’
477 955 613 1037 εὐθείας
644 959 687 1025 αἰ
722 966 805 1045 ΛΒ,
829 965 904 1026 ΒΕ·
942 956 993 1026 ἐπ’
1033 955 1171 1038 εὐθείας

150 1063 222 1153 ἀρα
254 1065 319 1133 εἰσί
342 1064 402 1132 καί
430 1065 467 1131 αἰ
491 1070 570 1151 ΖΒ,
589 1071 666 1133 ΒΗ.
703 1065 804 1151 λέγω,
832 1063 884 1132 ότι
910 1067 979 1133 τῶν
1007 1071 1088 1150 ΑΒ,
1108 1069 1177 1133 ΒΓ

34 1206 36 1212 .
157 1167 446 1238 ἀντιπεπόνθασιν
469 1172 507 1237 αἰ
527 1169 668 1259 πλευραὶ
690 1172 728 1237 αἰ
747 1170 824 1259 περὶ
846 1168 905 1250 τάς
934 1179 1008 1251 ίσας
1034 1174 1172 1257 γωνίας,

108 1301 142 1351 10
159 1276 346 1361 τουτέστιν,
369 1273 421 1344 ότι
445 1275 535 1349 ἐστίν
559 1273 604 1356 ὡς
626 1272 647 1362 ἡ
671 1283 738 1346 ΔΒ
760 1275 845 1364 πρὸς
864 1275 929 1363 τὴν
955 1283 1035 1363 ΒΕ,
1059 1272 1173 1356 οὕτως

158 1378 180 1468 ἡ
204 1388 272 1451 ΗΒ
293 1379 379 1469 πρὸς
399 1379 462 1465 την
479 1386 551 1451 ΒΖ.

227 1483 539 1572 Συμπεπληρώσθω
566 1483 633 1574 γάρ
660 1483 699 1554 τὸ
724 1493 788 1553 ΖΕ
812 1485 1175 1576 παραλληλόγραμμον.

157 1592 231 1661 ἐπεὶ
269 1581 332 1659 οὖν
362 1597 442 1661 ίσον
475 1590 545 1659 ἐσιί
579 1588 618 1658 τὸ
651 1598 717 1663 ΑΒ
747 1591 1094 1682 παραλληλόγραμμον
1127 1597 1175 1686 τῷ

87 1738 88 1745 1
158 1701 228 1769 ΒΓ
255 1694 607 1788 παραλληλογράμμῳ,
643 1693 726 1766 ἀλλο
764 1699 804 1766 δέ
836 1724 868 1765 τι
899 1697 937 1766 τὸ
971 1705 1048 1786 ΖΕ,
1081 1703 1175 1768 ἔστιν

108 1826 141 1877 16
158 1799 228 1890 ἀρα
244 1798 297 1882 ἀς
317 1798 356 1870 τὸ
383 1809 449 1875 ΑΒ
465 1800 556 1891 πρὸς
577 1801 616 1872 τὸ
640 1809 718 1890 ΖΕ,
746 1803 853 1885 οὕτως
878 1802 917 1872 τὸ
941 1811 1008 1873 ΒΓ
1025 1803 1108 1894 πρὸς
1134 1802 1175 1874 τὸ

162 1915 232 1977 ΖΕ.
276 1905 351 1975 ἀλλ’
375 1905 422 1986 ὡς
451 1907 513 1993 μὲν
535 1906 574 1979 τὸ
597 1916 663 1977 ΑΒ
685 1909 769 1999 πρὸς
789 1907 828 1978 τὸ
847 1917 921 1998 ΖΕ,
941 1911 1047 1993 οὕτως
1065 1907 1086 1999 ἡ
1106 1918 1176 1980 ΔΒ

163 2011 248 2101 πρὸς
269 2011 332 2099 τὴν
354 2020 434 2101 ΒΕ,
462 2010 507 2094 ἀς
532 2013 572 2089 ,δὲ
597 2011 637 2083 τό
659 2020 729 2089 ΒΓ
743 2014 828 2104 πρὸς
852 2015 892 2085 τὸ
917 2024 994 2106 ΖΕ,
1022 2014 1176 2104 οὕτωςὴ

162 2125 231 2187 ΗΒ
253 2117 338 2207 πρὸς
360 2117 422 2207 την
445 2127 520 2191 ΒΖ·
544 2121 601 2189 καί
624 2118 670 2200 ὡς
689 2119 759 2210 ἀρα
779 2119 802 2208 ἡ
826 2129 893 2191 ΔΒ
912 2121 996 2211 πρὸς
1017 2120 1080 2209 τὴν
1098 2129 1176 2209 ΒΕ,

164 2222 271 2305 οὕτως
292 2222 314 2311 ἡ
337 2232 405 2295 ΗΒ
427 2225 512 2315 πρὸς
532 2225 596 2313 τὴν
618 2234 691 2297 ΒΖ.
732 2231 805 2300 ,τόν
827 2226 895 2317 ἀρα
912 2236 989 2315 ΑΒ,
1008 2233 1075 2298 ΒΓ
1093 2250 1177 2317 τιαρ-

110 2355 146 2406 20
164 2330 453 2420 αλληλογράμμων
480 2329 769 2407 ἀντιπεπόνθασιν
802 2335 839 2405 αἰ
859 2333 1005 2423 πλευραὶ
1036 2335 1074 2402 αἰ
1099 2333 1201 2423 περὶ,

161 2434 220 2516 τὰς
244 2445 318 2516 ίσας
341 2441 475 2523 γωνίας.

225 2541 324 2612 Ἀλλά
349 2541 391 2630 δὴ
416 2548 499 2611 ἔστω
523 2540 569 2624 ὡς
591 2540 612 2631 ἡ
637 2552 704 2615 ΔΒ
722 2545 811 2635 πρὸς
831 2545 896 2634 την
919 2554 998 2633 ΒΕ,
1019 2542 1132 2626 οὕτως
1154 2543 1176 2634 ἡ

165 2656 233 2717 ΗΒ
256 2648 340 2738 πρὸς
362 2645 425 2734 τὴν
447 2655 523 2716 ΒΖ·
546 2651 647 2736 λέγω,
677 2651 729 2719 ὅτι
752 2660 828 2721 ἰσον
851 2653 921 2722 ἐστί
941 2649 981 2720 τό
1003 2658 1071 2723 ΑΒ
1094 2674 1178 2740 παρ·

166 2756 448 2841 αλληλόγραμμον
470 2757 515 2845 τῷ
541 2761 608 2823 ΒΓ
626 2756 971 2852 παραλληλογράμμῳ.

113 2883 147 2934 25
230 2856 319 2938 Ἐπεὶ
346 2857 410 2947 γάρ
438 2861 528 2929 ἐστιν
556 2859 601 2942 ὡς
628 2858 649 2948 ἡ
673 2869 740 2930 ΔΒ
762 2859 846 2950 πρὸς
872 2861 934 2949 τὴν
962 2869 1042 2950 ΒΕ,
1071 2859 1179 2943 οὕτως

24 2987 37 3011 0
164 2959 186 3049 ἡ
210 2971 279 3032 ΗΒ
307 2987 391 3052 προς
417 2963 479 3034 τίν
507 2975 584 3055 ΒΖ,
614 2965 688 3035 ἀλλ’
719 2965 764 3048 ὡς
790 2967 852 3054 μὲν
874 2966 896 3055 ἡ
920 2976 987 3037 ΔΒ
1009 2965 1094 3058 πρὸς
1115 2966 1179 3056 τὴν

239 3220 264 3270 2.
284 3213 451 3286 ἰσογωνίων]
471 3231 526 3270 om.
546 3216 644 3271 Theon
658 3215 799 3287 (BFVp);
818 3216 872 3271 del.
887 3234 923 3272 m.
938 3231 993 3271 rec.
1008 3216 1039 3270 P.
1111 3215 1182 3272 Post

168 3282 463 3356 παραλληλογράμμων
487 3286 551 3341 add.
576 3286 687 3342 Theon:
711 3289 779 3358 μίαν
802 3286 908 3358 γωνίαν
932 3286 984 3356 μιά
1007 3286 1097 3358 γωνίᾳ
1116 3287 1182 3357 ἰσην

169 3350 293 3424 ἀγόντων
316 3355 413 3425 (BFp3
437 3358 504 3426 μίαν
531 3357 582 3433 μιᾷ
604 3358 668 3427 ἰσην
693 3353 815 3433 ἐχόντων
837 3359 944 3427 γωνίαν
967 3341 1012 3428 V).
1100 3362 1125 3413 ό.
1150 3376 1181 3413 τε

169 3424 219 3479 καὶ
238 3421 384 3497 ἰσογάνια]
404 3443 458 3482 om.
478 3427 576 3483 Theon
595 3426 733 3498 (BFVp);
753 3428 807 3484 del.
826 3447 863 3484 m.
882 3445 937 3484 rec.
956 3429 987 3485 P.
1078 3433 1105 3485 λ.
1124 3429 1183 3484 κεί-

170 3498 231 3551 σθω
250 3497 283 3551 V.
375 3502 398 3552 8.
418 3496 490 3552 εἰσίν
506 3499 590 3569 PBp.
682 3504 723 3553 10.
744 3494 832 3571 ἐστίν]
851 3516 905 3557 om.
927 3518 957 3570 p.
1034 3493 1100 3570 τήν]
1125 3515 1182 3555 om.
