2446 3938
131 159 174 227 62
513 98 718 211 ΣΤΟΙΚΚΙΩΗΙ
734 152 770 211 ι’.

197 298 364 387 Εἰλήφθω
391 297 457 387 γάρ
479 302 548 368 τόν
572 298 633 385 μέν
656 306 704 383 A,
727 307 761 366 A
785 296 893 378 ἰσάκις
915 297 1155 368 πολλαπλάσια

74 438 79 447 ·
130 407 170 474 τά
189 413 235 491 Η,
258 412 297 491 Θ,
319 409 387 475 τῶν
410 405 448 474 δὲ
466 413 506 492 Β,
530 413 562 472 Ε
582 403 677 487 άλλα,
701 401 723 473 ά
747 409 873 492 ἔτυχεν,
897 402 1006 484 ἰσάκις
1025 411 1154 473 πολλα·

130 511 253 579 πλάσια
280 511 320 578 τὰ
344 517 390 596 Κ,
413 519 459 597 A,
487 512 543 579 καί
571 515 619 579 ἔτι
645 514 714 579 τῶν
732 516 771 597 Γ,
795 518 823 578 Ζ
845 508 946 597 άλλα,
974 506 996 578 ά
1020 515 1152 600 ἔτυχεν,

132 620 240 700 ἰσάκις
262 619 493 688 πολλαπλάσια
515 617 556 686 τά
580 623 631 704 Μ,
654 623 698 685 Ν.

96 739 111 788 5
198 725 267 794 Καὶ
291 726 364 793 ἐπεί
383 728 475 794 ἐστιν
499 723 543 805 ὡς
565 750 603 792 το
627 733 659 791 Α
681 721 764 812 πρὸς
786 722 824 791 τὸ
848 730 894 810 Β,
923 720 1029 804 οὕτως
1050 722 1090 792 τὸ
1114 733 1152 793 A

130 829 213 917 πρὸς
234 831 272 900 τὸ
291 838 332 917 E,
355 832 411 899 ιιαί
434 838 584 917 ελληπται
606 833 675 899 τῶν
698 829 760 917 μὲν
778 839 821 913 A,
840 837 874 897 A
898 829 1007 910 ἰσάκις
1027 838 1151 900 πολλα-

129 939 253 1007 πλάσια
275 937 315 1007 τά
335 944 381 1024 Η,
403 944 443 1022 Θ,
465 941 533 1004 τῶν
551 936 593 1005 ’δὲ
611 944 652 1023 Β,
670 944 703 1004 E
723 934 820 1022 άλλα,
842 934 864 1004 δί
888 941 1014 1024 ἔτυχεν,
1038 936 1151 1020 ἰσάκις

130 1044 361 1113 πολλαπλάσια
388 1041 429 1112 τὰ
449 1049 498 1128 Κ,
521 1051 567 1130 A,
596 1048 687 1112 ἔστιν
715 1041 782 1131 άρα
810 1040 855 1124 ὡς
881 1042 920 1112 τὸ
944 1049 984 1110 H
1001 1042 1087 1132 πρὸς
1108 1042 1149 1113 ιδ

37 1134 48 1157 ’
129 1156 178 1237 Κ,
207 1149 313 1230 οὕτως
335 1149 372 1219 πὸ
396 1157 426 1218 Θ
447 1148 530 1237 πρὸς
552 1149 590 1218 τὸ
615 1158 654 1218 Λ.
698 1149 755 1218 διὰ
782 1147 822 1217 τά
847 1145 932 1218 αύιά
956 1148 999 1236 δὴ
1022 1150 1080 1218 καὶ
1103 1146 1151 1230 ὥς

79 1272 111 1321 10
130 1259 168 1329 τό
192 1264 226 1325 Κ
246 1256 331 1343 πρὸς
352 1257 391 1326 ιδ
416 1264 465 1344 Μ,
490 1253 597 1335 οὕτως
619 1254 657 1324 τό
676 1264 708 1323 A
731 1254 815 1344 πρὸς
838 1254 876 1324 πὸ
899 1262 943 1326 Ν.
988 1255 1059 1324 ἐπεὶ
1083 1247 1149 1325 ούν

129 1371 206 1454 τρία
232 1366 358 1450 μεγέθη
384 1363 454 1432 ἐστὶ
476 1361 516 1431 τά
543 1369 590 1448 Η,
613 1369 661 1448 Κ,
685 1362 820 1448 Μ,καί
843 1361 929 1430 άλλα
952 1359 1068 1443 αύποίς
1091 1370 1150 1432 ἰσα

129 1472 167 1540 τὸ
191 1475 323 1558 πλῆθος
344 1469 385 1538 τά
408 1477 453 1557 Θ,
476 1477 522 1555 A,
545 1476 591 1554 Ν,
615 1467 743 1537 σύνδυο
766 1467 1006 1556 λαμβανόμενα
1028 1468 1087 1536 καί
1110 1472 1150 1539 ἐν

130 1582 175 1669 τῷ
195 1575 286 1670 αὐτῷ
304 1575 406 1669 λόγῳ,
425 1572 465 1644 δι’
488 1572 565 1643 ἰσου
584 1573 660 1663 άρα,
680 1580 711 1643 εἰ
727 1572 882 1662 ὑπερέχει
900 1572 938 1643 τὸ
962 1581 998 1667 Η
1015 1579 1077 1644 σού
1097 1583 1149 1664 Μ,

130 1680 282 1771 ὑπερέχει
309 1683 365 1750 καί
392 1680 430 1750 τὸ
453 1689 482 1750 Θ
504 1686 567 1750 τού
589 1688 639 1767 Ν,
666 1681 722 1748 καὶ
745 1685 777 1749 εἰ
798 1689 890 1767 ἰσον,
919 1689 1010 1766 ἰσον,
1037 1682 1095 1750 καί
1119 1687 1151 1752 εἰ

78 1802 112 1851 15
132 1796 284 1875 ἔλαττον,
313 1794 457 1859 ἔλαττον.
503 1793 562 1856 καί
590 1790 658 1856 έσιι
684 1785 725 1855 τά
747 1787 810 1875 μὲν
832 1793 882 1872 Η,
905 1794 934 1855 Θ
955 1791 1025 1856 τόν
1042 1797 1090 1873 A,
1115 1797 1150 1857 A

132 1895 240 1975 ἰσάκις
262 1895 507 1979 πολλαπλάσια,
534 1893 574 1963 τὰ
599 1893 637 1962 δὲ
658 1900 712 1980 Μ,
735 1901 775 1962 Ν
799 1903 868 1963 τῶν
891 1899 931 1978 Γ,
955 1901 982 1961 Ζ
1005 1891 1103 1982 άλλα,
1127 1892 1149 1964 ά

131 2006 256 2090 ἔτυχεν,
280 2001 388 2083 ἰσάκις
410 2000 651 2070 πολλαπλάσια.
688 2005 780 2068 ἔστιν
802 1998 869 2087 άρα
893 1997 938 2081 ὡς
955 1999 993 2067 τὸ
1013 2008 1046 2068 A
1064 1999 1150 2090 πρὸς

130 2107 167 2177 τὸ
192 2115 231 2195 Γ,
255 2108 361 2191 ούσως
382 2108 420 2178 πὸ
444 2117 478 2176 A
500 2106 584 2195 πρὸς
606 2106 644 2176 τό
669 2115 705 2174 Ζ.

195 2214 275 2285 ’Βάν
291 2215 355 2305 άρα
369 2208 390 2304 ᾖ
405 2213 578 2284 ὁποσαοῦν
596 2214 722 2299 μεγέθη
737 2213 793 2280 καί
807 2212 893 2282 ἄλλα
908 2210 1023 2295 αὐτοῖς
1037 2222 1094 2282 ἰσα
1107 2211 1149 2283 τό

78 2348 112 2399 20
131 2326 277 2410 πλῆθος,
305 2321 434 2391 σύνδυο
457 2318 696 2407 λαμβανόμενα
720 2320 756 2387 ἐν
779 2323 825 2410 τῷ
849 2317 940 2414 αύτῷ
963 2318 1069 2413 λόγῳ,
1091 2321 1151 2388 καί

132 2426 176 2497 δι’
205 2438 281 2497 ἰσου
305 2430 409 2518 ἐντῷ
438 2423 530 2518 αύτῷ
558 2424 648 2517 λόγῳ
672 2429 777 2493 ἔσται·
822 2424 904 2516 ὅπερ
932 2431 1000 2496 ἔδει
1028 2427 1146 2508 δεῖξαι.

606 2665 675 2725 κγ.

194 2760 284 2832 Ἐὰν
310 2755 332 2853 ᾖ
360 2767 449 2850 πρία
477 2765 623 2852 μεγέθη
647 2764 712 2833 καί
735 2763 833 2833 άλλα
856 2760 992 2843 αύιοῖς
1016 2771 1080 2830 ἰσα
1103 2761 1149 2832 τὸ

130 2874 283 2958 πλῆθος
302 2869 453 2939 σύνδυο
472 2870 755 2959 λαμβανόμενα
775 2873 816 2940 ἐν
834 2874 884 2963 τῷ
898 2868 1007 2960 αύτῷ
1027 2867 1149 2961 λόγῳ,

78 2970 152 3067 2ςῇ
182 2977 224 3046 δὲ
251 2977 519 3067 τεταραγμένη
548 2975 680 3046 αύτιόν
712 2975 734 3066 ἡ
762 2975 975 3064 άναλογία,
1003 2975 1068 3043 καί
1093 2972 1146 3043 δι’

132 3093 223 3153 ἰσου
247 3086 360 3178 ἐντῷ
385 3081 488 3179 αύτῷ
512 3082 615 3176 λόγῳ
640 3061 818 3190 &may

204 3290 229 3340 2.
249 3281 301 3354 δέ]
320 3299 420 3368 omnp.
457 3285 491 3335 In
508 3281 530 3336 F
549 3282 579 3336 in
601 3279 656 3337 hac
683 3297 747 3352 pag.
773 3278 917 3350 complura
941 3294 1020 3334 euan.
1107 3272 1147 3420 ιη

133 3371 187 3409 om.
206 3355 246 3410 F?
329 3359 353 3410 3.
374 3374 392 3408 α
432 3369 486 3408 om.
505 3353 536 3409 F.
618 3359 643 3408 ὅ.
662 3348 795 3423 πρὸςιό]
814 3350 916 3406 iuras.
935 3369 963 3420 p.
1047 3355 1071 3404 7.
1091 3349 1126 3402 δε

132 3443 168 3481 m.
187 3442 243 3481 rec.
263 3443 290 3495 p.
364 3418 543 3480 §MR
618 3429 642 3479 9.
662 3419 748 3496 πρός]
769 3439 822 3480 om.
843 3442 874 3491 φ.
948 3427 988 3476 12.
1008 3417 1044 3475 τά
1065 3419 1099 3489 Θ,
1113 3425 1149 3491 A,

200 3514 254 3553 om.
273 3516 306 3567 p,
325 3513 361 3554 m.
381 3501 397 3551 2
416 3495 455 3563 V;
475 3512 530 3565 mg.
550 3513 586 3550 m.
602 3510 656 3550 reo.
672 3495 703 3551 Β.
777 3500 818 3550 15.
840 3491 956 3549 ἔλασσον
985 3489 1104 3549 ἔλασσον
1118 3509 1149 3562 p.

68 3497 1050 3749 νόον»ε··<σ·ν·ει··ωἰιι·
