2446 3938
368 168 643 221 ELEMENTORUM
660 173 769 224 LIBER
786 174 833 227 VI.
1074 176 1117 240 99

181 309 248 374 iam
274 331 386 375 rursus
421 332 653 397 supponamus,
686 317 859 401 utrumque
888 319 1045 402 angulum
1080 320 1120 384 ad
1216 366 1219 371 -

105 416 189 500 132
217 417 359 500 positum
386 419 475 481 reato
503 418 661 483 minorem
691 441 757 485 non
782 444 862 489 esse.
903 423 972 489 dieo
996 447 1119 510 rursus,

108 519 155 584 sio
178 541 305 605 quoque
328 521 511 607 triangulos
533 528 642 610 ΑΒΓ,
657 530 758 590 ΔΕΖ
782 529 1016 614 aequiangulos
1040 553 1120 596 esse.

172 648 249 691 nam
276 627 391 691 iisdem
415 630 611 712 comparatis
640 631 792 697 similitor
815 633 1119 720 demonstrabimus,

106 752 178 797 esse
201 735 322 797 BP=
339 737 418 797 BH.
455 757 553 819 quare
583 737 680 802 etiam
709 740 848 824 angulus
878 740 919 803 ad
941 743 974 804 Γ
991 743 1118 824 positus

453 843 573 928 angulo
606 846 713 906 ΒΗΓ
742 845 886 928 aequalis
920 848 970 909 est
1003 845 1046 928 [I,
1074 846 1117 927 ὃ]

385 927 411 986 Δ
453 949 591 1032 angulus
620 952 728 1014 autem
759 951 799 1014 ad
823 954 856 1014 Γ
877 951 1005 1034 positus
1028 955 1117 1016 reoto

452 1053 561 1118 minor
587 1075 654 1120 non
683 1059 741 1122 est.
772 1079 871 1142 quare
907 1079 948 1121 ne
977 1060 1122 1133 [ΒΗΓ

407 1160 582 1251 gquidem
620 1164 707 1227 reato
743 1163 850 1228 minor
890 1167 949 1228 est,
1008 1165 1117 1250 itaquo

450 1266 608 1350 trianguli
632 1270 737 1331 ΒΗΓ
756 1269 819 1333 duo
848 1270 959 1354 anguli
990 1270 1116 1334 duobus

451 1372 549 1436 rectis
574 1372 716 1438 minores
735 1395 802 1439 non
821 1378 911 1460 euntp
935 1376 1022 1460 quod
1044 1376 1116 1440 fieri

449 1499 515 1542 non
546 1481 656 1562 potest
688 1478 735 1564 [I,
757 1480 827 1561 17].
876 1503 987 1546 rursus
1015 1482 1116 1567 igitur

214 1656 217 1661 ¹
450 1586 719 1669 LABFangulo
734 1590 837 1651 ΔΕΖ
855 1587 1035 1672 inaequalis
1049 1609 1117 1652 non
1210 1654 1214 1659 ,

104 1691 167 1772 est3
191 1690 335 1774 aequalis
358 1691 467 1776 igitur.
508 1711 621 1755 uerum
640 1692 739 1756 etiam
762 1694 901 1778 angulus
921 1692 961 1757 ad
980 1699 1012 1756 A
1030 1693 1115 1777 posi-

32 1852 35 1857 .
102 1797 156 1858 tus
189 1796 309 1880 angulo
342 1797 382 1860 ad
420 1802 454 1860 Δ
485 1796 592 1880 posito
625 1797 768 1880 aequalis
806 1801 863 1863 est.
913 1799 1022 1884 itaque
1061 1799 1116 1882 qui

102 1899 295 1985 relinquitur
325 1903 477 1986 angulus·
492 1895 535 1965 ad
561 1904 597 1965 1²-
616 1902 756 1987 positus‚
779 1903 904 1988 reliquo
928 1905 1047 1988 angulo
1076 1904 1116 1968 ad

104 2009 132 2070 Z
158 2007 268 2090 posito
301 2008 444 2092 aequalis
476 2010 525 2072 est
556 2004 596 2093 [1‚
619 2007 687 2087 32].
728 2028 805 2093 ergo
832 2009 991 2093 trianguli
1009 2013 1127 2093 ΑΒΓ,·

104 2116 205 2177 ΔΕΖ
228 2114 434 2199 aequianguli
457 2116 542 2179 sunt.

170 2218 261 2305 Ergo
286 2221 313 2286 si
337 2221 400 2285 duo
424 2220 579 2304 trianguli
602 2241 701 2284 unum
726 2220 881 2304 angulum
908 2220 966 2283 uni
994 2221 1115 2305 angulo

103 2327 272 2411 aequalem
304 2326 426 2392 habent
453 2331 486 2391 et
514 2328 618 2392 latera
647 2325 730 2390 alios
754 2326 834 2391 duos
865 2327 1001 2411 angulos
1026 2347 1114 2391 oom-

102 2432 337 2517 prehendentia
345 2433 604 2517 proportionalia
619 2435 651 2496 et
664 2432 806 2517 reliquos
818 2434 955 2518 angulos
966 2433 1112 2516 singulos

103 2538 199 2603 simul
227 2541 283 2604 aut
310 2538 453 2603 minores
482 2541 538 2603 aut
560 2560 636 2605 non.
649 2539 793 2605 minores
821 2542 924 2624 reato,
955 2538 1132 2623 trianguli¹

103 2644 313 2730 aequianguli
335 2648 431 2709 erunt
453 2648 487 2710 et
511 2666 566 2711 eos
590 2645 728 2730 angulos
757 2644 908 2730 aequales
935 2644 1113 2729 habebunt,

104 2771 184 2833 quos
208 2750 312 2816 latera
335 2751 595 2836 proportionalia
618 2750 908 2835 comprehendunt3
932 2751 1017 2836 quod
1041 2753 1112 2815 erat

105 2855 401 2921 demonstrandum.

560 2979 650 3070 vrn.

170 3101 204 3167 si
234 3103 268 3167 in
295 3103 460 3188 triangulo
488 3104 678 3189 reetangulo
712 3103 753 3167 ab
787 3104 907 3189 angulo
944 3108 1033 3169 recto
1072 3104 1112 3167 ad

101 3283 117 3332 2
140 3278 171 3332 P.
262 3273 316 3348 δή]
341 3275 373 3332 δέ
397 3278 430 3333 V.
523 3283 564 3332 13.
589 3273 737 3341 ἐλάσσονες
761 3276 795 3333 V.
883 3283 925 3333 15.
949 3274 1024 3334 ἐστίν
1046 3279 1111 3346 ΡΒ;

101 3364 192 3418 oomp.
210 3365 239 3418 p.
313 3354 354 3403 16.
373 3348 432 3419 top]
452 3349 548 3404 insert.
567 3350 665 3415 postea
681 3348 713 3403 F.
796 3355 838 3405 17.
858 3345 932 3422 ἐστί]
952 3345 1028 3405 ἐστίν
1046 3350 1111 3416 PF;
1144 3356 1149 3364 “

101 3435 259 3560 mileto
276 3417 608 3562 aoi⁰iimei⁰rinii
621 3417 743 3546 itii
756 3419 830 3547 otri
843 3510 871 3547 m
900 3417 982 3548 {il
1003 3438 1057 3477 Μ’
1075 3419 1110 3474 V‘

174 3533 180 3546 .
385 3530 392 3546 .
503 3534 507 3545 .
729 3534 736 3561 ,
818 3535 823 3547 .
874 3535 879 3547 .
919 3535 925 3548 .

919 3581 951 3634 7*
