2446 3938
127 204 192 269 356
502 203 703 255 Στοαοιοα
721 197 765 257 ε’.

127 351 265 414 δεικται·
289 346 374 430 λέγω
400 344 483 431 [δή],
507 342 558 412 ὅτι
581 345 636 411 καὶ
661 347 697 411 ολ
712 344 824 411 λοιποὶ
842 344 963 423 πάντες
981 344 1154 433 τετράγω-

126 457 185 521 νοί
205 456 299 519 εἰσιν.
341 451 411 519 ἐπεὶ
434 450 499 537 γὰρ
523 453 558 516 οῖ
580 459 622 535 Α,
641 457 681 536 Β,
700 456 732 517 Γ
752 450 827 535 ἑξῆς
848 447 1025 535 ἀνάλογόν
1051 455 1154 537 εἰσιν,

125 563 185 625 καί
206 560 295 625 ἐστιν
320 555 337 624 6
358 566 390 623 A
412 556 630 643 τετράγωνος,
653 556 709 623 καὶ
734 553 800 624 δΓ
819 552 910 641 [άρα]
934 558 1154 642 τετράγωνος

125 668 225 733 ἐστιν.
271 664 387 747 πάλιν,
418 664 488 731 ἐπεὶ
518 663 601 746 [καὶ]
630 666 665 729 oc
686 669 731 748 Β,
754 667 792 746 Γ,
816 670 849 728 Δ
873 662 947 747 ἑξῆς
970 658 1153 749 άνάλογύν

90 776 227 856 σοῖσιν,
256 776 315 837 καί
340 772 431 838 ἐστιν
456 766 473 837 6
498 777 527 836 Β
549 770 773 854 τετράγωνος,
797 769 851 835 καὶ
876 764 893 835 6
919 775 952 835 Δ
977 765 1077 855 [ἄρα]
1101 796 1152 838 τε·

123 877 294 964 τράγωνός
318 878 417 943 ἐστιν.
455 874 578 962 ὁμοίως
601 873 643 960 δὴ
671 876 839 960 δείξομεν,
863 872 914 941 ὅτι
937 875 994 941 καὶ
1018 880 1058 943 οἱ
1080 884 1152 944 λοι-

123 983 180 1050 ποὶ
204 982 325 1062 πάντες
348 981 553 1067 τετράγωνοί
574 986 668 1048 εἰσιν.

188 1087 285 1156 Ἀλλά
316 1089 402 1175 δὴ”
384 1109 466 1156 εστω
491 1086 508 1155 6
534 1098 565 1155 A
588 1090 702 1173 κύβος
734 1085 883 1217 λέγμ,“
864 1112 915 1154 οτι
938 1087 994 1152 καὶ
1019 1090 1057 1154 οῖ’
1079 1095 1152 1156 λοι-

123 1196 181 1262 ποὶ
203 1195 325 1275 πάντες
347 1195 463 1324 κύβοι
472 1199 566 1262 εἰσίν.

72 1316 105 1364 10
183 1300 251 1368 Ὀτι
275 1294 403 1388 μὲν
361 1329 425 1369 ουν
450 1299 467 1368 6
493 1302 647 1386 τέταρτος
671 1297 735 1368 άπὸ
759 1304 817 1385 τῆς
835 1296 1015 1385 μονάδος
1001 1326 1019 1366 ο
1038 1306 1075 1367 Γ
1090 1300 1150 1369 κύ-

15 1380 27 1405 ,
123 1412 183 1492 βος
213 1408 280 1474 ἐστὶ
310 1409 365 1474 καὶ
396 1411 432 1474 οῖ
458 1406 521 1474 δύο
550 1410 776 1485 διαλείποντες
798 1406 934 1495 πάντες,
963 1407 1150 1475 δέδεικται·

122 1516 208 1597 λέγω
234 1511 316 1597 [δή],
340 1510 392 1579 δτι
415 1513 471 1578 καὶ
495 1514 530 1578 ολ
551 1512 663 1578 λοιποὶ
687 1510 809 1589 πάντες
826 1511 924 1597 κύβοι
943 1515 1040 1580 εἰσίν.
1076 1515 1148 1581 ἐπεὶ

122 1618 186 1704 γάρ
211 1620 301 1684 ἐστιν
325 1616 371 1695 ὡς
393 1615 415 1702 ἡ
438 1616 542 1703 μονὰς
565 1615 648 1706 πρὸς
671 1615 736 1684 τὸν
760 1626 805 1702 Α,
831 1615 936 1697 οὕτως
959 1614 977 1685 6
1003 1626 1035 1684 A
1059 1617 1149 1708 πρὸς

122 1721 183 1790 τὸν
202 1730 241 1807 Β,
266 1720 375 1802 ἰσάκις
398 1721 463 1808 άρα
485 1721 504 1810 ἡ
531 1720 636 1811 μονάς
661 1722 722 1791 τὸν
736 1732 769 1790 A
793 1737 906 1811 μετρεῖ
921 1723 977 1790 καὶ
997 1721 1015 1792 6
1032 1733 1065 1792 A
1084 1724 1147 1794 τὸν

75 1844 106 1892 15
126 1837 162 1896 Β.
200 1829 220 1914 ἡ
251 1827 288 1895 δὲ
317 1831 423 1914 μονάς
450 1828 511 1897 τὸν
534 1842 565 1896 Α
588 1843 701 1918 μετρεῖ
722 1828 806 1896 κατὰ
828 1831 887 1909 τὰς
909 1832 945 1897 ἐν
969 1827 1060 1922 αὐτῷ
1086 1858 1147 1918 μο-

123 1934 239 2014 νάδας·
276 1937 332 2003 καλ
356 1938 373 2004 6
395 1946 426 2004 A
449 1935 514 2025 άρα
537 1934 597 2003 τὸν
612 1945 640 2003 Β
666 1949 780 2023 μετρεῖ
799 1938 882 2003 κατὰ
904 1937 962 2015 τὰς
986 1938 1023 2004 ἐν
1046 1936 1142 2030 αύτῷ

122 2041 284 2127 μονάδας·
323 2042 340 2108 6
374 2052 405 2109 A
437 2040 502 2130 ἄρα
535 2041 657 2109 ἑαυτὸν
691 2042 985 2122 πολλαπλασιάσας
1016 2041 1079 2110 τὸν
1113 2050 1142 2111 Β

121 2153 308 2232 πεποίηκεν.
349 2153 407 2213 καί
428 2149 518 2214 ἐστιν
538 2148 556 2215 6
577 2157 608 2214 A
631 2146 742 2232 κύβος.
779 2147 838 2214 ἐὰν
863 2147 900 2214 δὲ
925 2146 1029 2234 κύβος
1047 2145 1147 2236 άριθ-

122 2252 183 2338 μὸς
213 2242 338 2320 ἑαντὲν
361 2253 652 2332 πολλαπλασιάσας
679 2257 759 2340 ποιῇ
789 2281 880 2338 τινα,
911 2254 928 2322 6
959 2255 1146 2340 γενόμενος

69 2374 104 2421 20
122 2359 224 2444 κύβος
248 2362 350 2426 ἐστίν·
383 2360 438 2426 καὶ
463 2359 480 2426 6
502 2367 529 2426 B
554 2358 620 2448 άρα
644 2359 748 2444 κύβος
771 2362 869 2427 ἐστίν.
902 2360 958 2427 καὶ
982 2361 1052 2428 ἐπεὶ
1070 2364 1147 2430 τέσ-

123 2486 222 2551 σαρες
249 2462 390 2550 ἀριθμοὶ
419 2468 453 2530 οἱ
479 2475 524 2549 Α,
549 2473 593 2550 Β,
617 2471 655 2551 Γ,
681 2474 714 2531 Δ
743 2466 818 2552 ἑξῆς
846 2462 1016 2552 ἀνάλογόν
1046 2471 1148 2553 εἰσιν,

122 2578 181 2639 καί
198 2574 287 2638 ἐστιν
307 2570 325 2636 6
351 2579 383 2636 Α
405 2570 519 2655 κύβος,
542 2572 597 2638 καὶ
622 2571 640 2639 6
666 2580 699 2637 A
723 2570 789 2658 άρα
812 2571 915 2658 κύβος
939 2573 1039 2639 ἐστίν.
1087 2577 1147 2641 δια

122 2676 162 2744 τὰ
186 2675 268 2743 αὐτὰ
293 2679 334 2762 δὴ
360 2676 415 2742 καὶ
439 2676 457 2743 6
482 2684 513 2742 E
533 2676 635 2763 κύβος
660 2680 760 2762 ἐστίν,
787 2677 842 2744 καὶ
867 2677 991 2762 ὁμοίως
1014 2681 1050 2744 οἱ
1071 2686 1145 2748 λοι-

123 2782 180 2848 ποὶ
203 2780 324 2859 πάντες
346 2780 445 2866 κύβοι
469 2785 568 2848 εἰσιν
603 2784 684 2869 ὅπερ
709 2787 776 2850 ἔδει
802 2786 914 2864 δεῖξαι.

72 3002 106 3051 τι
615 3005 650 3044 t·

186 3097 272 3167 Ἐὰν
292 3097 365 3166 άπὸ
386 3101 561 3187 μονάδος
586 3099 805 3169 ὁποσοιοῦν
826 3098 995 3188 άριδμοὶ
1021 3102 1145 3190 [ἑξῆς]

196 3321 219 3364 1.
239 3311 290 3401 δή]
311 3331 365 3369 om.
385 3314 414 3368 P.
470 3320 494 3368 2.
515 3311 599 3402 εἰσιν]
620 3315 725 3384 (alhs)
713 3313 766 3368 εἰσι
785 3314 847 3381 Vm.
908 3320 932 3368 3.
952 3308 1146 3381 τετράγωνος

126 3379 205 3437 καλ
193 3403 208 3434 ο
231 3386 345 3454 Γαρα]
365 3403 421 3453 mg.
442 3405 472 3452 φ
527 3381 597 3456 ἄρα]
619 3402 671 3439 om
689 3386 717 3441 Ρ
773 3390 798 3438 4.
820 3380 916 3508 3⁶th
931 3383 953 3437 Ρ
972 3383 1039 3438 etv
1060 3385 1111 3439 sed
1130 3408 1149 3441 ν

126 3452 223 3506 delet.-
217 3449 331 3521 ;ἕστιφ.
388 3455 561 3540 καί]οιο..Ρ
618 3455 761 3526 5.εἰσιν]-
751 3455 872 3509 -vdeleh
973 3454 1095 3523 [Heras.
1111 3457 1147 3512 V

126 3519 197 3593 αρν]
218 3539 271 3578 om.
291 3524 321 3578 P
395 3531 435 3578 12.
455 3523 509 3595 δὴ]
529 3543 582 3580 om
602 3525 631 3581 P.
699 3533 741 3580 15.
761 3527 800 3596 B]
820 3529 841 3578 Β
861 3530 961 3595 μετρεῖ
973 3525 1035 3594 Vm.
1099 3523 1148 3600 ἐν]
