2446 3938
104 199 171 264 256
483 199 684 251 Στολιτλιῐολι
703 194 738 262 ς’.

103 347 291 426 πεποίηκεν.
337 337 394 407 διά
420 338 461 408 τά
491 337 576 406 αὐτὰ
605 338 648 426 δὴ
675 341 731 408 καὶ
760 337 778 408 6
802 346 834 407 Ε
859 336 921 407 τὸν
944 347 978 406 A
1000 346 1126 407 πολλα·

104 446 290 526 πλασιάσας
312 444 373 513 τὸν
392 455 424 513 A
442 451 630 532 πεποίηκεν.
672 453 745 525 ῖσος
763 443 830 532 άρα
849 444 939 513 ἐστὶν
959 441 977 512 6
998 447 1035 513 ἐκ
1053 449 1126 514 τῶν

105 561 146 639 Ε,
170 557 270 644 Δτῷ
294 555 421 620 ἐκτῶν
440 560 479 638 Θ,
504 559 550 619 Μ.
588 556 678 620 ἔστιν
702 550 768 638 άρα
792 548 837 630 ὡς
859 548 878 619 6
902 559 935 618 E
954 551 1039 640 πρὸς
1061 549 1126 620 τὸν

105 667 151 745 Θ,
179 660 285 738 οῦτως
313 656 332 726 6
356 665 400 725 Μ
422 657 506 744 πρὸς
532 654 593 725 τὸν
617 665 659 725 A.
696 663 815 744 μείζων
839 657 878 725 δὲ
901 653 920 724 6
944 664 976 724 E
996 660 1059 725 τοῦ
1083 665 1127 726 Θ·

70 784 87 834 5
106 771 225 852 μείζων
244 763 311 849 άρα
333 764 389 831 καὶ
413 761 489 831 6M
508 767 570 831 τοῦ
586 772 628 831 Λ.
664 763 720 830 καὶ
743 777 857 851 μετρεῖ
876 762 957 844 τοὺς
970 772 1012 849 A,
1027 771 1070 849 Β,
1084 769 1126 832 Γ·

106 869 187 960 ὅπερ
211 871 302 938 ἐστὶν
324 869 508 938 ἀδύνατον·
539 868 713 938 ὑπόκειται
730 868 795 958 γάρ
815 867 833 938 6
848 878 882 937 A
899 873 967 938 τῶν
981 879 1026 956 Α,
1040 877 1083 956 Β,
1099 876 1132 938 Γ

105 977 144 1046 τδ
175 979 331 1064 μέγιστον
360 975 478 1045 κοινὸν
510 978 641 1065 μέτρον.
688 973 751 1044 οῦκ
780 974 847 1064 άρα
874 981 1012 1044 ἔσονταί
1035 1003 1127 1057 τινες

105 1087 174 1152 τῶν
197 1091 241 1169 Ε,
266 1091 308 1168 Ζ,
334 1090 371 1150 H
397 1081 576 1162 ἐλάσσονες
603 1079 746 1171 άριθμολ
774 1085 811 1150 ἐν
838 1086 884 1175 τῷ
913 1079 1004 1176 αὐτῷ
1032 1082 1126 1175 λόγῳ

107 1188 201 1270 ὄντες
223 1204 293 1270 τοῖς
316 1199 363 1276 Α,
386 1197 431 1275 Β,
454 1195 491 1257 Γ.
538 1192 573 1257 ολ
594 1197 634 1275 Ε,
659 1196 697 1275 Ζ,
721 1195 761 1256 Η
778 1186 844 1277 άρα
868 1188 1038 1276 ἐλάχιστοί
1059 1193 1126 1257 εἰσι

54 1314 89 1363 10
106 1300 174 1364 των
203 1295 263 1364 τὸν
291 1291 397 1363 αὐτὸν
424 1294 529 1380 λόγον
557 1295 704 1382 ἐχόντων
731 1308 801 1375 τοῖς
824 1303 872 1380 A,
895 1302 939 1380 Β,
963 1299 1002 1362 Γ
1041 1294 1127 1384 ὅπερ

107 1407 175 1471 ἔδει
199 1404 312 1482 δεῖξαι.

578 1525 647 1594 λδ’.

1 1646 260 1763 ,Νμλλνλλῦο
298 1644 483 1735 ἀριθμῶν
520 1651 728 1717 δοθέντων
765 1646 916 1738 εὑρεῖν,
953 1645 999 1716 δν
1037 1648 1128 1717 ἐλά-

108 1771 245 1840 χιστον
268 1758 484 1841 μετροῦσιν
508 1753 696 1844 ἀριθμόν.

56 1887 89 1936 15
166 1856 341 1927 Ἔστωσαν
370 1864 405 1928 οῖ
430 1863 589 1941 δοθέντες
618 1859 681 1929 δύο
706 1858 847 1949 άριθμολ
872 1864 907 1928 ολ
927 1869 975 1948 A,
997 1868 1040 1928 B·
1075 1865 1132 1930 δεῖ

108 1963 150 2050 δὴ
174 1961 297 2052 εὑρεῖν,
322 1961 362 2034 ὃν
386 1965 562 2054 ἐλάχιστον
585 1971 765 2056 μετροῦσιν
788 1965 948 2056 άριθμόν.

176 2073 220 2136 oc
242 2081 283 2158 A,
307 2079 336 2138 Β
363 2069 427 2160 γὰρ
450 2070 526 2158 ἤτοι
549 2077 674 2161 πρῶτοι
697 2072 781 2163 πρὸς
804 2072 971 2161 ἀλλήλους
993 2073 1083 2142 εἰσὶν
1105 2070 1128 2163 ἢ

108 2176 159 2245 οῦ.
205 2183 354 2247 ἔστωσαν
384 2179 548 2267 πρότερον
577 2183 612 2247 οῖ
633 2188 681 2267 Α,
704 2187 733 2248 Β
760 2185 887 2268 πρῶτοι
914 2177 998 2268 πρὸς
1025 2178 1129 2269 ἀλλή-

107 2291 198 2369 λους,
221 2285 276 2351 καὶ
300 2281 318 2352 6
343 2293 375 2351 A
396 2283 458 2352 τὸν
480 2293 509 2352 Β
533 2287 827 2365 πολλαπλασιάσας
849 2283 911 2353 τὸν
926 2292 958 2353 Γ
975 2292 1128 2355 ποιείτω·

55 2416 90 2466 20
108 2390 164 2457 καὶ
187 2388 205 2457 6
225 2398 253 2457 Β
278 2388 342 2478 άρα
365 2388 425 2459 τὸν
440 2400 472 2458 Α
494 2390 787 2472 πολλαπλασιάσας
808 2389 868 2460 τὸν
887 2397 921 2459 Γ
937 2397 1129 2478 πεποίηκεν.

110 2499 144 2563 οἱ
169 2505 216 2581 Α,
241 2503 269 2562 Β
302 2495 369 2584 άρα
400 2495 461 2565 τὸν
484 2503 517 2565 Γ
544 2501 734 2585 μετροῦσιν.
779 2498 865 2583 λέγω
898 2495 956 2584 δή,
990 2497 1041 2564 ὅτι
1068 2499 1128 2566 καὶ

109 2601 291 2690 ἐλάχιστον.
337 2606 368 2670 ελ
396 2599 459 2689 γάρ
488 2604 549 2689 μή,
579 2602 785 2691 μετρήσουσί
807 2628 883 2670 τινα
912 2601 1063 2690 άριθμδν
1093 2609 1131 2672 οῖ

108 2716 151 2793 A,
175 2714 203 2774 Β
228 2706 395 2775 ἐλάσσονα
418 2705 501 2775 ὅντα
523 2712 585 2776 τοῦ
604 2715 641 2776 Γ.
673 2713 897 2797 μετρείτωσαν
915 2705 977 2776 τὸν
995 2717 1036 2776 A.
1069 2711 1128 2779 καλ

110 2809 225 2891 ὁσάκις
249 2810 266 2879 ὁ
286 2822 318 2879 A
340 2811 401 2880 τὸν
420 2821 454 2880 Δ
477 2827 599 2901 μετρεῖ,
622 2818 782 2882 τοσαῦται
806 2805 958 2900 μονάδες
974 2819 1128 2884 ἔστωσαν

55 2951 90 3000 26
109 2920 146 2986 ἐν
169 2922 215 3010 τῷ
240 2926 279 3003 Ε,
304 2916 419 2998 ὁσάκις
442 2917 479 2986 δὲ
503 2917 521 2986 6
546 2927 575 2986 B
597 2919 658 2989 τὸν
682 2929 716 2988 A
738 2934 860 3009 μετρεῖ,
883 2923 1043 2988 τοσαῦται
1067 2948 1128 3008 μο-

109 3023 210 3104 νάδες
233 3029 381 3092 ἔστωσαν
405 3028 442 3093 ἐν
464 3029 511 3118 τῷ
531 3033 570 3092 Ζ·
604 3023 622 3093 6
647 3024 709 3113 μὲν
728 3035 760 3093 A
782 3024 848 3115 άρα
870 3026 932 3094 τὸν
950 3034 983 3094 Ε
1002 3035 1128 3095 πολλα-

182 3245 205 3291 1.
220 3239 356 3305 πεποίηκε
368 3238 428 3306 ch.
484 3233 533 3292 διὰ
542 3235 578 3291 τά
589 3264 622 3281 -
633 3243 662 3291 2:
677 3238 845 3308 πεποίηκεν]
856 3255 948 3362 οωὶρ.
963 3309 984 3363 P
1003 3244 1028 3292 8.
1044 3234 1128 3302 ὄντες

934 3351 943 3376 ι

111 3303 142 3362 ἐν
160 3309 199 3380 τῷ
217 3304 294 3377 αὐτῷ
314 3305 387 3380 λόγῳ
406 3327 435 3378 p.
508 3315 532 3363 9.
552 3307 624 3367 εἰσιν
642 3308 673 3362 Ρ.
748 3315 789 3362 12.
808 3304 899 3362 λς’Β
998 3326 1035 3363 m.
1054 3326 1126 3378 τοο,

110 3374 152 3442 λζ’
166 3395 194 3445 p.
250 3385 290 3432 15.
306 3377 359 3433 δύο
373 3375 494 3448 άριθμολ
508 3377 538 3434 ολ
549 3379 686 3441 δοθέντες
699 3397 727 3448 p.
783 3385 825 3434 16.
840 3375 979 3452 ἀριθμόν]
995 3398 1048 3436 om.
1060 3380 1126 3450 Vq.

112 3453 153 3501 ιο.
177 3444 227 3502 τὸν
252 3454 324 3501 Γ-
338 3456 385 3503 20:
414 3447 676 3522 πολλαπλασιάσας]
701 3467 756 3518 mg.
776 3469 812 3504 m.
833 3457 848 3504 2
868 3451 898 3504 Β.
990 3456 1034 3507 ιο.
1052 3445 1124 3524 ἄρα]

110 3535 199 3588 comp.
221 3536 306 3588 supra
323 3520 358 3586 V,
378 3517 419 3574 ἔτι
438 3541 468 3589 φ.
550 3526 593 3575 21.
612 3522 661 3575 καλ
681 3518 711 3574 οἱ
725 3521 757 3575 Ρ.
794 3521 926 3590 μετροῦσι
945 3522 1006 3590 Vm.
1081 3529 1126 3580 22.
