2446 3938
325 205 602 256 ELEMENTORUM
619 207 728 256 LIBER
746 207 792 257 IX.
1004 205 1070 270 369

55 347 117 412 ulli
139 368 346 411 numerorum
370 354 410 431 A,
428 352 466 431 Β,
485 351 517 412 Γ
536 349 679 432 aequalis
704 350 755 413 sit.
794 347 1003 413 manifestum
1023 354 1072 414 est

56 454 166 537 igitur,
190 457 222 517 E
241 454 382 538 primum
405 475 471 518 non
495 475 574 520 esse.
618 476 695 518 nam
720 456 747 519 si
767 459 798 519 E
818 456 942 538 primus
967 460 1071 521 estet

56 580 227 622 numerum
243 564 276 622 A
295 559 436 642 metitur,
455 559 553 623 otiam
567 580 738 623 numerum
754 567 786 623 A
800 560 952 624 metietur
967 564 1071 647 [prop.

56 663 147 748 ΧΙΙ],
173 664 228 747 qui
252 664 376 748 primus
400 667 462 747 est,
485 685 682 748 quamquam
707 666 736 730 ei
760 666 904 749 aequalis
923 689 989 730 non
1009 672 1072 750 εει,

56 771 142 855 quod
161 771 231 834 fieri
250 792 318 834 non
335 774 452 855 potest.
484 771 595 854 itaque
614 775 646 834 E
662 771 786 854 primus
805 794 872 836 non
892 776 950 836 est.
983 794 1069 837 oom-

56 878 184 961 positus
207 878 316 962 igitur.
357 878 503 963 quemuis
529 883 638 943 autem
661 900 831 943 numerum
855 880 1071 962 compositum
1159 864 1168 879 ’

57 984 181 1069 primus
220 984 336 1068 aliquis
372 1006 525 1049 numerus
562 985 641 1049 meti
631 987 696 1048 rtur
730 984 819 1068 [VIL
846 986 974 1066 3211
962 989 1070 1070 ltaque

56 1112 226 1154 numerum
259 1095 290 1154 E
319 1091 443 1173 primus
476 1091 593 1172 aliquis
620 1114 773 1157 numerus
801 1093 942 1156 metitur.
989 1093 1070 1175 dieo,

56 1196 181 1260 nullum
215 1198 315 1262 alium
343 1201 375 1260 E
404 1219 573 1261 numerum
606 1198 712 1262 metiri
745 1201 875 1279 praeter
907 1204 949 1263 A.
993 1220 1070 1262 nam

57 1301 85 1365 ei
122 1302 205 1367 elius
242 1325 412 1367 numerum
446 1307 475 1366 E
511 1303 656 1386 metitur,
695 1307 727 1366 E
756 1307 864 1367 eutem
898 1326 1070 1369 numerum

58 1411 92 1470 A
118 1409 263 1493 metitur,
290 1409 344 1472 ille
367 1430 494 1493 quoque
516 1430 687 1473 numerum
711 1414 743 1472 A
767 1409 924 1473 metietur.
971 1431 1070 1493 quare

56 1513 156 1578 etiam
188 1537 357 1580 numerum
385 1522 417 1580 A
449 1516 614 1599 metietur,
645 1516 701 1600 qui
730 1517 852 1599 primus
883 1520 934 1580 est
965 1516 1070 1600 [prop.

56 1619 147 1703 XH],
180 1642 376 1704 quemquam
409 1622 438 1686 ei
471 1621 616 1704 aequalis
648 1643 714 1686 non
746 1621 843 1708 ese),
882 1622 967 1705 quod
999 1622 1068 1686 fieri

56 1746 122 1788 non
149 1730 265 1808 potest.
311 1727 421 1809 itaque
445 1731 476 1789 A
503 1748 673 1790 numerum
697 1731 729 1790 E
749 1729 891 1792 metitur.
937 1731 969 1791 et
992 1750 1069 1811 quo·

56 1831 145 1894 niem
177 1835 209 1894 E
241 1853 410 1894 numerum
443 1835 476 1894 A
508 1831 653 1914 metitur,
690 1832 864 1896 seeundum
898 1836 925 1894 Z
956 1834 1069 1897 metia-

56 1942 118 1999 tur.
155 1937 236 2022 dieo,
261 1943 288 2002 Z
310 1939 392 2002 nulli
414 1959 624 2004 numerorum
638 1943 679 2021 A,
698 1942 735 2021 Β,
755 1941 786 2002 Γ
802 1938 970 2020 aequalem
989 1960 1068 2003 esse.

57 2063 133 2106 nam
157 2044 185 2107 si
209 2048 236 2107 Z
260 2044 358 2108 elicui
381 2064 589 2107 numerorum
610 2048 651 2127 A,
674 2047 712 2123 Β,
735 2046 767 2107 Γ
787 2042 930 2126 aequalis
955 2045 1013 2126 eet,
1037 2048 1070 2107 et

56 2169 228 2213 numerum
252 2153 285 2213 A
312 2149 487 2214 seeundum
510 2152 541 2210 E
567 2148 713 2230 metitur,
743 2147 840 2212 etiarn
871 2148 986 2233 aliquis
1010 2171 1068 2213 nu·

58 2276 221 2320 merorum
244 2261 289 2339 A,
312 2259 354 2340 B,
377 2257 409 2318 Γ
429 2275 597 2318 numerum
622 2259 655 2317 A
679 2253 853 2319 seeundum
876 2258 908 2317 E
929 2256 1068 2320 metitur.

57 2382 170 2424 uerum
195 2361 302 2445 quiuis
325 2381 532 2424 numerorum
552 2364 592 2443 A,
607 2363 644 2443 Β,
659 2362 691 2423 Γ
709 2381 879 2424 numerum
904 2365 937 2424 A
960 2382 1069 2425 seeun-

59 2465 136 2530 dum
160 2467 299 2550 aliquem
321 2486 528 2529 numerorum
548 2470 589 2550 A,
612 2469 650 2548 Β,
673 2467 705 2529 Γ
723 2466 855 2530 metitur
880 2467 984 2549 [prop.
999 2466 1069 2547 XI].

58 2594 157 2656 quere
175 2576 207 2636 E
228 2571 324 2636 alicui
346 2593 555 2636 numerorum
569 2577 610 2654 A,
624 2574 662 2655 Β,
677 2573 709 2634 Γ
727 2571 871 2656 aequalis
896 2577 959 2655 est3
984 2573 1069 2656 quod

58 2683 107 2742 ost
130 2682 243 2743 oontre
266 2677 485 2762 hypothesim.
531 2699 608 2763 ergo
633 2682 660 2741 Z
688 2678 770 2741 nulli
797 2699 1004 2742 numerorum
1028 2685 1069 2763 A,

58 2787 101 2866 Β,
125 2786 157 2847 Γ
176 2784 320 2866 aequalis
345 2786 402 2847 est.
449 2784 597 2848 similiter
620 2784 929 2868 demonstrabimus,
956 2806 1069 2849 nume·

58 2911 129 2953 rum
153 2894 185 2952 A
207 2895 376 2953 numerum
396 2892 423 2951 Z
446 2890 563 2973 metiri,
585 2912 696 2955 rursus
721 2890 989 2975 demonstrantes,
1011 2914 1066 2957 nu-

58 3015 181 3058 merum
205 2999 233 3058 Z
260 2995 401 3077 primum
428 3015 495 3058 non
523 3017 600 3060 esse.
646 3018 723 3060 nem
751 2996 779 3060 si
806 2997 929 3079 primus
958 3002 1009 3062 est
1036 3001 1069 3062 et

57 3121 228 3164 numerum
257 3104 289 3162 A
313 3100 458 3183 metitur,
488 3099 586 3164 etiem
614 3107 646 3165 'A
673 3101 824 3165 metietur
852 3104 957 3186 [prop.
980 3102 1068 3188 ΧΙΙ],

58 3207 114 3290 qui
136 3207 260 3290 primus
284 3208 344 3289 est,
368 3227 564 3289 quamquam
587 3207 617 3270 ei
641 3208 783 3292 aequalis
806 3229 872 3272 non
896 3212 958 3291 est3
984 3209 1068 3293 quod

130 3382 155 3449 1)
175 3378 287 3434 Nom
266 3398 290 3434 er
306 3395 439 3433 numerus
457 3395 586 3434 numeros
605 3383 643 3446 E,
663 3389 688 3434 A
707 3380 825 3436 metiens
840 3381 925 3436 elicui
939 3399 1067 3438 numero·

56 3455 172 3518 rumA,
192 3455 227 3520 Β,
248 3455 274 3504 Γ
289 3450 415 3519 aequalis
440 3451 525 3518 esset,
550 3453 689 3506 constaret
711 3452 895 3543 propositum.
932 3454 1007 3509 idem
1031 3455 1066 3506 <le

54 3538 81 3590 p.
102 3527 167 3589 370,
187 3493 378 3576 Btlioendum.

109 3620 256 3670 Euclides,
273 3621 323 3661 edd.
337 3621 437 3670 Heiberg
450 3624 473 3660 et
486 3621 576 3670 Menge.
602 3621 634 3661 H.
872 3618 907 3667 24
