2446 3938
367 198 643 250 ELEMENTORUM
660 198 770 248 LIBER
787 199 848 250 VII.
1049 193 1116 259 265

102 362 197 426 quem
228 330 323 425 F,A
350 340 521 405 minimum
545 341 723 404 metiuntur
744 362 928 424 numerum,
956 345 989 405 E
1010 341 1116 425 [prop.
1177 420 1182 427 ,

101 446 264 528 XXXIV]¹
311 447 466 531 quoniam
496 453 541 530 A,
559 451 588 510 Β
616 466 786 511 numerum
810 451 843 510 A
866 447 1056 532 metiuntur,
1084 452 1118 511 et

423 558 457 616 A
478 574 649 617 numerum
676 556 709 616 E
730 552 879 637 metitur,
903 553 1003 617 etiam
1026 558 1067 632 A,
1086 557 1115 618 Β

422 680 593 722 numerum
613 661 646 721 Ε
664 658 850 723 metiuntur.
887 680 1001 723 uerum
1015 659 1115 723 etiam

422 767 454 828 Γ
463 786 633 829 numerum
648 768 680 828 E
693 764 837 829 metitur.
868 764 980 848 itaque
989 770 1031 848 A,
1041 768 1079 847 Β,
1089 766 1122 828 Γ

421 893 593 935 numerum
632 875 663 935 E
692 869 882 935 metiuntur.
931 871 999 934 iam
1036 870 1117 954 dico,

421 999 478 1042 eos
495 999 569 1042 eum
584 977 683 1042 etiam
698 976 870 1040 minimum
885 977 1002 1040 metiri.
1039 997 1115 1038 nam

423 1085 451 1149 si
469 1085 588 1162 minue,
610 1088 655 1167 A,
674 1087 712 1167 Β,
731 1085 764 1146 Γ
781 1103 951 1147 numerum
975 1079 1116 1164 aliquem

422 1191 582 1255 minorem
611 1211 747 1254 numero
771 1193 803 1252 E
824 1189 1008 1254 metientur.
1051 1207 1116 1250 me·

102 1298 227 1362 tiantur
253 1285 422 1371 numerum
451 1301 487 1360 Z.
533 1295 688 1380 quoniam
709 1300 755 1379 A,
778 1299 820 1379 Β,
843 1298 875 1360 Γ
893 1315 1063 1359 numerum
1089 1295 1116 1355 Z

101 1404 293 1486 metiuntur,
317 1402 413 1467 etiam
438 1408 479 1487 A,
498 1406 526 1467 Β
546 1424 716 1468 numerum
736 1405 764 1466 Z
783 1401 970 1467 metiuntur.
1016 1420 1115 1482 quaro

102 1510 213 1592 etiarn,
250 1530 346 1593 quem
377 1509 546 1573 minimum
584 1509 763 1574 metiuntur
789 1514 838 1592 A,
863 1511 907 1592 Β,
942 1527 1114 1571 numerum

102 1621 130 1680 Z
162 1617 314 1680 metietur
344 1617 453 1700 [prop.
480 1613 633 1695 XXXV].
679 1637 793 1680 uorum
821 1637 917 1700 quem
945 1612 1117 1676 minimum

103 1723 283 1785 metiuntur
310 1727 356 1803 A,
374 1725 417 1804 B,
441 1725 492 1785 est
511 1726 552 1786 A.
595 1726 628 1783 A
651 1721 751 1804 igitur
774 1741 946 1784 numerum
970 1723 998 1782 Z
1025 1718 1117 1782 moti·
1185 1747 1187 1752 ·

102 1831 165 1892 tur.
213 1847 327 1890 uerum
360 1826 459 1890 etiam
491 1829 523 1890 Γ
550 1847 721 1890 numerum
754 1830 782 1890 Z
813 1827 957 1890 metitur.
1005 1825 1116 1908 itaque

104 1938 152 2011 A,
170 1935 203 1996 Γ
221 1953 390 1996 numerum
415 1935 442 1994 Z
465 1931 653 1996 metiuntur.
699 1952 798 2015 quare
821 1931 921 1995 etiem
940 1951 1036 2014 quem
1058 1929 1118 1994 mi-

105 2035 230 2103 nimuin
262 2037 440 2102 metiuntur
463 2041 510 2120 A,
533 2039 576 2121 Γ,
604 2058 775 2101 numerum
803 2041 831 2100 Z
858 2035 1010 2099 metietur
1040 2032 1119 2120 [id.].

103 2167 216 2210 uerum
236 2166 331 2231 quem
353 2144 525 2209 minimum
544 2143 722 2207 metiuntur
740 2145 777 2228 Γ,
796 2147 840 2226 Δ,
858 2145 907 2205 est
924 2145 962 2205 E.
1008 2141 1120 2223 itaquo

104 2257 136 2317 E
161 2274 330 2317 numerum
359 2256 386 2316 Z
413 2251 561 2336 metitur,
593 2249 698 2316 maior
730 2249 902 2332 minorem3
933 2245 1018 2339 quod
1049 2246 1120 2310 fieri

103 2382 171 2425 non
194 2363 315 2443 potest.
359 2359 471 2443 itaque
494 2356 621 2423 numeri
639 2362 679 2437 A,
697 2361 736 2443 Β,
753 2359 786 2422 Γ
804 2355 930 2420 nullum
948 2375 1119 2418 numerum

105 2487 240 2530 numero
264 2468 296 2528 E
316 2465 476 2530 minorem
498 2466 682 2530 metientur.
729 2485 808 2550 ergo
827 2467 859 2527 E
880 2461 1033 2526 minimus
1061 2463 1119 2538 est,

104 2594 200 2657 quem
223 2578 268 2656 A,
286 2575 329 2655 Β,
348 2573 381 2636 Γ
398 2571 588 2654 metiuntur;
619 2571 705 2656 quod
728 2575 798 2636 erat
821 2566 1117 2646 demonstrandum.

107 625 234 676 Αι-ι

120 1170 124 1206 ι
339 1155 369 1205 ιΖ

528 2763 696 2831 XXXVII.

174 2885 208 2951 Si
235 2909 406 2951 numerum
437 2910 591 2953 numerus
625 2889 743 2974 aliquis
774 2888 921 2972 metitur,
952 2887 994 2971 is,
1025 2908 1120 2972 quem

105 2992 254 3077 metitur,
276 2996 402 3076 partem
424 2993 561 3059 habebit
584 3017 604 3058 a
627 2994 782 3059 metiente
806 2994 1056 3059 denominatam.

171 3098 351 3164 Numerum
381 3098 467 3162 enirn
499 3105 532 3164 A
562 3122 716 3165 numerus
749 3101 867 3186 aliquis
895 3103 923 3164 Β
956 3100 1120 3164 metietur.
1160 3143 1164 3151 -

103 3233 1117 3325 o.rtvz-10·prvpooprvoc]om.p.12.psvon'aooup.oozr]

104 3304 642 3380 οω.Ρ.ἆ’ραὺπόΡ.,.ΓΔρ
735 3308 1122 3382 14.P‚A]Pp;,Ar

103 3381 193 3448 BVp.
286 3386 327 3436 16.
351 3381 391 3465 Β]
416 3397 470 3435 om.
494 3399 521 3450 p.
593 3375 797 3468 μετρήσουσι]
823 3379 887 3448 ΡΒ,
912 3397 1000 3451 eomp.
1020 3399 1052 3450 p;
1072 3400 1119 3452 με·

104 3452 200 3519 τροῦσι
219 3450 284 3519 Vp.
323 3446 458 3505 ἐλάττονα
477 3452 527 3506 τοῦ
547 3447 606 3504 E*
590 3470 704 3521 ovtup.
779 3457 820 3506 19.
839 3423 889 3506 W
914 3452 936 3506 B
961 3454 1037 3522 (post
1055 3453 1119 3508 add.

103 3539 141 3575 m.
161 3529 190 3591 1,
205 3525 237 3576 ut
250 3522 370 3591 posthae
385 3523 520 3593 saepius),
537 3523 570 3592 V,
585 3523 662 3577 Pm.
678 3539 731 3578 ree.
740 3519 793 3594 ,’μ
808 3541 835 3594 p.
873 3529 916 3579 20
932 3529 1124 3594 perquirere.
