2446 3938
126 175 192 241 284
503 173 704 226 ΣΤΟῙΧΕῙΩΝ
722 168 761 240 η’·

126 332 196 397 τοϊς
219 327 251 384 Α
278 325 321 401 Β,
346 321 379 383 Γ
398 325 446 402 Λ,
474 323 554 383 ΒΖ
586 314 709 400 λόγοις.
755 317 786 381 εἰ
817 310 882 400 γὰρ
916 309 979 399 μή,
1008 315 1151 380 ἔσονταί

126 450 215 502 τινες
237 427 305 491 τάν
328 429 378 508 Ν,
397 426 439 508 Ξ,
458 429 513 506 Μ,
534 428 562 488 0
586 419 764 498 ἐλάσσονες
786 417 928 506 άριθμοὶ
957 419 1035 505 ἑξῆς
1063 416 1147 486 άνά-

126 536 230 614 λογον
258 531 294 597 ἐν
323 541 395 608 τοῖς
421 538 453 596 A
470 536 514 613 Β,
537 534 569 595 Γ
585 536 633 612 Δ,
656 533 688 593 E
705 535 733 594 Z
759 525 881 612 λόγοις.
928 529 1082 593 ἔστωσαν
1115 527 1150 593 oc

126 644 175 721 Π,
195 644 235 721 Ρ,
255 643 303 722 Σ,
326 643 360 704 Τ.
405 636 462 702 καὶ
490 638 564 703 ἐπεί
593 637 683 702 ἐστιν
712 630 757 712 ὡς
786 630 804 701 6
833 641 872 700 Π
895 631 980 720 πρὸς
1011 629 1076 700 τὸν
1109 638 1147 718 Ρ,

91 740 234 822 5οῧτως
266 739 284 810 6
313 750 346 809 A
373 741 457 830 πρὸς
483 740 543 809 τὸν
571 748 616 826 Β,
646 743 680 807 ολ
706 739 744 807 δὲ
773 745 869 823 Α,Β
898 737 1083 826 ἐλάχιστοι,
1113 741 1149 805 ολ

42 845 49 852 ’
127 848 165 917 δὲ
188 848 354 936 ἐλάχιστοι
378 852 537 936 μετροῦσι
560 846 640 926 τοὺς
662 845 723 914 τὸν
748 843 853 913 αὐτὸν
876 843 982 930 λόγον
1006 849 1147 933 ἔχοντας

127 954 241 1035 αὐτοῖς
270 954 379 1033 ἰσάκις
406 951 426 1020 ὅ
453 979 488 1021 τε
515 951 704 1040 ἡγούμενος
730 951 792 1019 τὸν
820 949 1013 1038 ἡγούμενον
1043 951 1102 1019 καὶ
1126 949 1145 1018 6

127 1062 288 1148 ἑπόμενος
310 1060 370 1129 τὸν
394 1059 575 1146 ἑπόμενον,
599 1057 618 1127 6
642 1066 670 1126 Β
701 1058 767 1146 άριι
790 1058 851 1129 τὸν
874 1065 905 1124 Ρ
923 1071 1044 1146 μετρεῖ.
1087 1056 1146 1126 διὰ

125 1165 165 1234 τά
190 1167 275 1236 αὐτὰ
301 1165 342 1253 δὴ
366 1167 422 1234 καὶ
446 1164 464 1235 6
490 1173 522 1234 Γ
540 1165 600 1234 τὸν
624 1173 655 1232 Ρ
674 1179 800 1252 μετρεῖ·
824 1167 859 1233 ολ
880 1173 919 1251 Β,
938 1171 971 1233 Γ
989 1163 1058 1252 άροι
1082 1163 1147 1234 τὸν

74 1277 107 1326 10
126 1280 156 1340 P
184 1279 374 1362 μετροῦσιν.
419 1274 475 1340 καὶ
505 1270 523 1340 6
557 1271 728 1358 ἐλάχιστος
761 1271 828 1361 ἄρα
859 1269 926 1340 ὑπὸ
954 1275 1022 1340 τῶν
1052 1279 1099 1358 Β,
1118 1278 1152 1340 Γ

126 1379 350 1467 μετρούμενος
376 1377 437 1447 τὸν
465 1386 496 1446 Ρ
519 1377 682 1466 μετρήσει.
729 1377 899 1466 ἐλάχιστος
922 1376 960 1445 δὲ
981 1374 1050 1445 ὑπὸ
1075 1383 1147 1447 τῶν

126 1493 165 1570 Β,
184 1491 216 1551 Γ
235 1483 460 1572 μετρούμενός
483 1487 572 1551 ἐστιν
598 1481 616 1551 6
640 1491 687 1552 Η·
712 1485 730 1553 6
754 1491 794 1552 Η
812 1483 878 1573 άρα
896 1482 957 1551 τὸν
977 1491 1007 1550 Ρ
1021 1499 1147 1574 μετρεῖ.

125 1597 184 1656 καί
205 1592 295 1656 ἐστιν
320 1586 365 1669 άς
389 1587 406 1657 6
430 1596 470 1657 Η
488 1588 571 1677 πρὸς
593 1589 654 1659 τὸν
678 1598 719 1677 Ρ,
744 1589 851 1671 οὕτως
875 1588 892 1659 6
917 1597 952 1658 Κ
973 1589 1058 1677 πρὸς
1083 1591 1147 1659 τὸν

126 1703 170 1762 Σ·
198 1697 254 1763 καὶ
283 1693 301 1763 6
330 1703 365 1764 K
390 1696 457 1785 άρα
484 1696 544 1765 τὸν
568 1704 603 1764 Σ
628 1710 747 1785 μετρεῖ,
793 1711 907 1785 μετρεῖ
928 1696 965 1764 δὲ
989 1697 1045 1763 καὶ
1072 1694 1091 1765 6
1118 1706 1150 1766 E
1194 1754 1198 1759 .

73 1816 106 1865 15
125 1800 186 1869 τὸν
214 1807 259 1866 Σ’
288 1804 323 1868 οά
348 1809 390 1889 Β,
409 1809 444 1869 Κ
468 1801 534 1892 άριι
561 1802 623 1871 τὸν
651 1810 686 1870 Σ
710 1808 899 1892 μετροῦσιν.
944 1803 999 1869 καὶ
1025 1799 1043 1870 6
1069 1803 1146 1872 ἐλά-

125 1927 236 1994 χιστος
263 1905 330 1996 άριι
357 1906 424 1977 ὑπὸ
452 1914 520 1978 τῶν
548 1917 593 1995 Ε,
612 1917 647 1977 Κ
677 1909 901 1998 μετρούμενος
932 1907 992 1977 τὸν
1020 1916 1056 1976 Σ
1088 1937 1147 1998 με-

125 2015 247 2101 τρήσει.
300 2014 471 2102 ἐλάχιστος
508 2015 546 2084 δὲ
577 2013 643 2083 ὑπὸ
676 2019 744 2084 τῶν
777 2023 821 2100 Β,
845 2021 880 2082 K
914 2016 1147 2103 μετρούμενός

126 2123 216 2188 ἐστιν
245 2117 263 2187 6
292 2127 345 2187 Μ·
379 2118 397 2189 6
428 2128 472 2190 Μ
496 2120 562 2209 άροι
590 2120 650 2189 τὸν
678 2129 712 2188 Σ
738 2134 850 2209 μετρεῖ
882 2117 900 2188 6
930 2127 1050 2208 μείζων
1080 2122 1146 2190 τὸν

126 2227 304 2296 ἐλάσσονα·
343 2224 424 2313 ὅπερ
454 2229 545 2296 ἐστὶν
579 2225 760 2296 ἀδύνατον.
807 2225 870 2295 οὐκ
902 2225 968 2311 άρα
1006 2232 1150 2296 ἔσονταί

72 2355 106 2404 20
124 2359 213 2413 τινες
241 2336 310 2401 τῶν
333 2339 383 2418 Ν,
401 2336 443 2417 Ξ,
462 2340 516 2420 Μ,
538 2341 567 2400 0
590 2333 768 2412 ἐλάσσονες
790 2332 934 2422 ἀριθμοὶ
958 2334 1033 2420 ἑξῆς
1060 2330 1146 2400 άνά-

125 2448 228 2525 λογον
252 2445 288 2506 ἐν
312 2464 346 2505 τε
369 2453 439 2518 τοῖς
461 2444 522 2508 τοῦ
546 2448 578 2507 Α
601 2439 684 2528 πρὸς
706 2438 766 2508 τὸν
790 2447 818 2506 Β
841 2439 982 2507 καὶτοῦ
1005 2444 1038 2506 Γ
1056 2438 1146 2526 πρὸς

125 2545 185 2614 τὸν
214 2553 247 2612 A
274 2546 329 2612 καὶ
358 2550 406 2612 ἐτι
432 2549 494 2614 τοῦ
518 2554 549 2613 Ε
570 2545 654 2634 πρὸς
680 2545 741 2614 τὸν
766 2553 793 2612 Ζ
821 2545 947 2632 λόχοις·
977 2547 1012 2612 ολ
1032 2551 1082 2630 Ν,
1102 2548 1145 2631 Ξ,

125 2659 179 2737 Μ,
205 2659 233 2718 0
260 2650 326 2740 άρα
354 2652 429 2737 ἑξῆς
455 2648 626 2738 άνάλογον
654 2651 824 2739 ἐλάχιστοί
844 2655 930 2719 εἰσιν
954 2652 991 2718 ἐν
1014 2663 1085 2729 τοῖς
1108 2658 1145 2716 Α

127 2765 166 2842 Β,
186 2764 218 2824 Γ
233 2765 276 2842 Δ,
296 2766 328 2824 Ε
345 2766 372 2824 Ζ
395 2757 521 2845 λόγοις·
545 2758 627 2844 ὅπερ
651 2761 720 2825 ἔδει
744 2762 856 2839 δεῖξαι.

198 3013 221 3060 1.
241 3011 280 3071 A,
299 3009 337 3075 E,
357 3005 395 3076 Z]
416 3023 469 3060 om.
488 3005 521 3060 Β.
595 3004 622 3060 εἰ
642 3002 697 3075 γάρ
722 3001 759 3074 μή
802 3022 855 3060 om.
883 3004 973 3072 Bqu.
1046 3009 1072 3058 2.
1091 3003 1142 3074 N]

126 3083 197 3162 Ηρ.
271 3071 425 3147 άνάλοχον]
445 3093 498 3161 0111.
520 3077 611 3146 ΒἿφ.
673 3083 846 3163 ‘'stu-om.
865 3074 955 3144 Bth.
1030 3079 1071 3159 10.
1092 3093 1144 3144 με·

124 3169 222 3220 τροοσι
245 3149 306 3219 ch.
380 3154 422 3204 11.
443 3145 587 3217 ἐλάχιστος
610 3147 642 3202 δὲ
667 3167 724 3202 vno
747 3167 803 3229 τωμ
827 3151 862 3213 Β,
882 3151 909 3200 Γ
935 3144 1140 3216 μετροομενος]

125 3217 139 3275 6
165 3221 197 3274 δὲ
223 3216 366 3290 ἐλάχιστος
388 3218 450 3287 Vq).
526 3224 567 3273 12.
589 3219 632 3308 H]
659 3220 758 3273 mutat.
782 3236 812 3272 1n
838 3219 862 3271 Θ
884 3236 920 3271 m.
946 3223 1086 3300 2‚·supra
1112 3219 1146 3270 H

123 3309 159 3345 m.
180 3298 195 3344 2
216 3291 247 3345 B.
322 3291 366 3362 H]
386 3291 455 3344 item
473 3289 505 3346 B.
543 3290 751 3358 μετρησειλέφ.
826 3295 867 3343 13.
890 3289 934 3359 H]
949 3290 992 3342 οτι
1006 3303 1091 3356 supra
1106 3286 1139 3341 Β,

126 3366 166 3416 15.
187 3357 244 3429 άριι
280 3359 320 3416 ἔτι
340 3383 370 3432 φ.
463 3366 504 3415 18.
524 3361 567 3432 Σ]
593 3377 663 3418 corr.
687 3377 721 3415 ex
744 3363 770 3414 E
793 3360 826 3415 V.
917 3365 959 3413 20.
980 3353 1138 3428 ἀνάλογον]

124 3431 220 3488 om.B
257 3452 287 3500 φ.
356 3437 399 3486 21.
418 3429 481 3503 τόν]
502 3448 557 3488 om.
576 3432 607 3486 B.
671 3437 714 3486 22.
733 3427 796 3502 τόν]
816 3447 870 3486 om.
889 3430 921 3484 Β.
987 3427 1041 3500 ἐτι]
1061 3427 1089 3483 εἰ
1106 3428 1139 3484 Ρ.

123 3500 186 3573 τόν]
206 3519 260 3557 om.
280 3501 309 3554 B.
383 3507 426 3557 23.
446 3497 600 3573 ἀνάλογον]
622 3519 676 3558 om.
697 3503 789 3570 Bth.
862 3497 906 3574 ἐν]
927 3518 981 3557 om,
1000 3499 1030 3556 P.

71 3630 91 3688 Ε
