2446 3938
136 213 177 276 74
509 210 709 262 ΣΤΟΙΧΕΙΩΝ
729 205 769 262 ς’.

133 348 207 422 ὁπὸ
235 351 277 420 τὸ
306 348 401 421 αὐτὸ
425 352 526 434 ὕψος
550 349 644 420 ὄντα
667 349 764 436 πρὸς
793 349 940 438 ἄλληλά
966 351 1075 418 ἐστιν
1100 345 1154 431 ὥς

135 463 176 527 αί
196 459 340 545 βάσεις.

192 566 300 634 Ἔστω
333 571 480 655 τρίγωνα
513 565 574 652 μὲν
602 563 643 631 τὰ
668 572 772 650 ΑΒΓ,
791 569 906 650 ΑΓΔ,
938 562 1153 650 παραλληλό-

134 699 269 759 γραμμα
302 671 339 740 δὲ
370 670 410 739 τὰ
443 677 516 758 ΗΓ,
540 677 601 738 ΓΖ
628 667 694 738 ὑπὸ
724 669 761 739 τὸ
791 666 873 739 αὐτὸ
896 669 985 751 ὕψος
1006 666 1044 737 τὸ
1069 676 1151 738 ΑΓ·

99 792 115 840 5
134 781 236 866 λέγω,
261 779 313 846 ὅτι
337 780 427 847 ἐστὶν
452 775 496 858 ὡς
519 775 539 865 ἡ
561 783 631 857 ΙΒΓ
648 777 745 863 βάσις
768 775 852 866 πρὸς
873 776 936 864 τὴν
954 781 1017 845 ΓΑ
1035 776 1152 863 βάσιν,

135 886 242 965 οὕτως
274 883 312 953 τὸ
341 890 446 952 ΑΒΓ
469 889 637 972 τρίγωνον
666 882 751 970 πρὸς
776 880 814 951 τὸ
843 888 943 951 ΑΓΔ
969 887 1151 973 τρίγωνον,

134 992 190 1059 καὶ
217 991 255 1060 τὸ
285 997 352 1059 ΕΓ
375 988 724 1078 παραλληλόγραμμον
754 986 837 1075 πρὸς
868 987 906 1058 τὸ
935 994 996 1057 ΓΖ
1022 995 1152 1076 παραλ-

135 1098 381 1187 ληλόγραμμον.

199 1202 435 1291 Ἐκβεβλήσθω
468 1200 533 1288 γὰρ
567 1199 588 1288 ἡ
622 1209 691 1270 ΒΔ
723 1198 776 1289 ἐφ’
818 1199 956 1291 ἑκάτερα
987 1198 1027 1269 τὰ
1065 1202 1151 1288 μέρη

86 1325 120 1375 10
139 1312 192 1380 ἐπὶ
214 1309 255 1378 τὰ
279 1318 321 1395 Θ,
337 1315 368 1375 Α
391 1321 526 1394 σημεῖα,
554 1308 609 1375 καὶ
632 1313 824 1377 κείσθωσαν
852 1312 891 1397 τῇ
919 1305 981 1395 μὲν
1004 1311 1072 1374 ΒΓ
1090 1305 1153 1393 βοί-

138 1438 188 1486 σει
212 1426 282 1484 ίσαι
307 1411 585 1500 [ὁσαιδηποτοῦν]
612 1417 649 1481 αί
674 1421 758 1501 ΒΗ,
777 1421 856 1501 ΗΘ,
879 1419 919 1504 τῇ
943 1415 982 1483 ὁὸ
1004 1419 1067 1482 ΓΔ
1090 1413 1152 1499 βώ-

136 1542 186 1590 σει
215 1530 285 1588 ίσαι
314 1516 563 1605 ὁσαιδηποτοῦν
592 1523 629 1586 αί
650 1526 734 1606 ΔΚ,
749 1527 833 1607 ΚΑ,
861 1521 917 1590 τιαλ
946 1518 1153 1609 ἐπεζεύχθω·

137 1647 199 1695 σαν
223 1628 261 1693 αί
282 1632 368 1709 ΑΗ,
382 1633 462 1710 ΑΘ,
477 1632 562 1711 ΑΚ,
577 1633 654 1694 ΑΛ.

202 1731 272 1800 Καὶ
303 1731 373 1799 ἐπεὶ
401 1741 470 1799 ίσαι
503 1732 589 1800 είσλν
618 1735 655 1799 αί
680 1739 758 1819 ΓΒ,
777 1740 860 1818 ΒΗ,
880 1741 949 1802 ΗΘ
980 1733 1154 1822 ἀλλήλαις,

84 1854 117 1904 15
137 1849 192 1907 ίσα
221 1838 289 1906 ἐστὶ
317 1839 372 1906 καὶ
398 1837 439 1906 τὰ
468 1846 590 1927 ΑΘΗ,
612 1847 732 1928 ΑΗΒ,
751 1846 855 1908 ΑΒΓ
876 1847 1023 1929 τρίγωνα
1051 1839 1155 1929 ίιλλή-

135 1953 214 2024 λοις.
262 1941 477 2014 ὁσαπλασίων
505 1943 571 2032 ἄρα
602 1945 693 2014 ἐστὶν
725 1942 746 2033 ἡ
780 1951 847 2014 ΘΓ
874 1945 971 2032 βάσις
1002 1950 1061 2034 τῆς
1088 1954 1159 2016 ΒΓ

136 2051 280 2140 βάσεως,
308 2053 599 2121 τοσαυταπλάσιόν
628 2055 697 2120 ἐστι
720 2051 838 2121 καὶτὸ
863 2058 966 2121 ΑΘΓ
984 2058 1154 2141 τρίγωνον

136 2164 196 2228 τοῦ
226 2167 328 2229 ΑΒΓ
350 2159 527 2250 τριγώνου.
577 2158 633 2226 διὰ
671 2156 712 2224 τὰ
741 2156 825 2226 αὐτοὶ
860 2157 902 2246 δὴ
936 2156 1154 2230 ὁσαπλασίων

137 2267 228 2335 ἐστὶν
256 2264 276 2353 ἡ
302 2273 369 2334 ΑΓ
393 2265 490 2351 βάσις
516 2267 574 2349 τῆς
597 2269 660 2330 ΓΔ
687 2262 831 2350 βάσεως,
859 2265 1154 2335 τοσαυταπλάσιόν

85 2393 119 2441 20
139 2374 207 2440 ἐστι
230 2371 286 2439 καὶ
309 2371 346 2439 τὸ
370 2375 476 2438 ΑΑΓ
494 2374 660 2456 τρίγωνον
682 2372 744 2436 τοῦ
767 2376 866 2438 ΑΓΔ
888 2371 1156 2459 τριγώνον··ααλ

137 2481 168 2546 εί
199 2486 254 2563 ίση
288 2476 378 2544 ἐστὶν
407 2472 427 2560 ἡ
458 2479 523 2542 ΘΓ
547 2472 644 2559 βοίσις
676 2476 715 2562 τῇ
744 2480 804 2543 ΓΛ
831 2475 943 2562 βοίσει,
977 2486 1053 2546 ίσον
1083 2479 1154 2547 ἐστὶ

136 2585 192 2651 καὶ
224 2580 262 2651 τὸ
296 2585 399 2648 ΑΘΓ
425 2585 592 2665 τρίγωνον
624 2585 668 2672 τῷ
697 2587 799 2648 ΑΓΛ
830 2581 1002 2676 τριγώνῳ,
1034 2585 1090 2653 καὶ
1123 2590 1156 2654 εί

137 2688 299 2775 ὑπερέχει
321 2684 340 2772 ἡ
365 2692 430 2753 ΘΓ
448 2683 547 2771 βάσις
574 2689 633 2772 τῆς
659 2693 720 2754 ΓΑ
747 2687 891 2775 βάσεως,
918 2687 1070 2780 ὑπερέχει
1097 2693 1155 2761 καὶ

139 2793 177 2861 τὸ
202 2798 305 2860 ΑΘΓ
323 2796 490 2878 τρίγωνον
513 2796 573 2860 τοί
594 2800 696 2861 ΑΓΛ
719 2794 903 2885 τριγώνου,
926 2797 982 2864 καὶ
1006 2801 1037 2866 εί
1059 2798 1153 2867 ἐλίσ·
1191 2868 1195 2873 ,

86 2921 119 2971 25
139 2918 225 2984 σων,
264 2903 415 2966 ἔλασσον.
470 2898 643 2988 τεσσάρων
676 2899 718 2988 δὴ
757 2899 866 2972 ὅντων
903 2909 1059 2992 μεγεθῶν
1089 2905 1153 2975 δύο

139 3005 201 3092 μὲν
220 3008 351 3090 βάσεων
370 3007 438 3073 τών
457 3010 529 3091 ΒΓ,
545 3011 617 3092 ΓΛ,
637 3004 700 3073 δύο
720 3004 758 3074 δὲ
771 3006 946 3096 τριγώνων
959 3013 1028 3078 τών
1042 3019 1154 3101 ΑΒΓ,

139 3117 239 3179 ΑΓΔ
267 3119 417 3199 είληπται
445 3111 554 3192 ίσώιιις
580 3111 812 3182 πολλαπλάσια
839 3118 897 3202 τῆς
924 3116 987 3203 μὲν
1009 3123 1077 3186 ΒΓ
1094 3118 1156 3204 βοί-

140 3239 224 3299 σεως
246 3220 302 3287 καλ
325 3223 388 3287 τοῦ
411 3226 516 3288 ΑΒΓ
534 3219 702 3309 τριγώνου
725 3219 747 3306 η’
770 3247 804 3289 τε
828 3227 893 3290 ΘΓ
908 3222 1010 3308 βάσις
1036 3225 1155 3295 καὶτὸ

212 3494 237 3544 4.
258 3488 324 3570 ΓΖ]
346 3492 367 3542 Ζ
386 3503 401 3540 ε
420 3504 488 3542 corr.
508 3503 545 3540 m.
565 3490 580 3539 2
600 3483 629 3539 F.
651 3551 658 3570 1
703 3478 843 3607 ὕψοςὲΡς
863 3471 942 3570 §mnf
965 3476 1158 3566 §vva-Theon

142 3559 242 3629 (BVp,
265 3560 287 3612 F
310 3577 341 3613 m
363 3575 416 3613 ras.
440 3576 477 3611 m.
502 3558 537 3626 2).
630 3574 661 3610 το
687 3555 757 3626 ΑΓ]
811 3574 817 3619 3
840 3570 892 3620 την
918 3572 975 3607 ατο
995 3571 1046 3607 τον
1066 3558 1088 3606 Α
1108 3547 1181 3609 ἐπὶ·
