2446 3938
106 158 142 219 4(
144 157 172 218 12
485 160 686 211 ΣΤΟΙΧΕΙΩΝ
704 155 747 211 θ’.

107 304 277 385 ὁηττοτοῦυ
302 298 443 385 άριθμοὶ
468 302 504 365 οἱ
525 307 569 381 Β,
588 306 627 384 Γ,
646 308 693 366 Δ·
716 302 813 386 λέγω,
840 299 896 370 ὅτι
923 308 963 371 οί
985 314 1033 393 Β,
1053 314 1094 394 Γ,
1113 316 1143 375 Δ

106 406 256 491 ἀρτιάκις
280 407 393 492 άρτιοί
414 411 478 474 εἰσι
501 405 618 491 μόνον.

165 514 233 580 Ὅτι
257 515 318 598 μὲν
342 506 406 581 οὖν
431 516 567 591 ἕκαστος
592 517 673 596 [τῶν
695 521 740 599 Β,
758 520 801 599 Γ,
822 522 870 600 Α]
896 515 1066 605 ἀρτιάκις
1089 520 1140 607 άρ

104 620 175 697 τιός
195 625 295 701 ἐστιν,
320 620 483 705 φανερόν·
507 618 572 686 άπὸ
592 618 657 704 γάρ
681 622 807 700 δυάδος
830 623 903 689 ἐστὶ
931 628 1137 694 διπλασιασ-

71 731 187 804 5θείς.
238 728 338 810 λέγω,
377 723 427 791 ὅτι
465 726 520 790 καὶ
560 726 677 810 μόνον.
723 727 886 793 ἐκκείσθω
918 727 990 816 γάρ
1022 734 1136 818 μονάς.

107 834 175 899 ἐπεὶ
204 825 267 899 οὖν
296 830 360 897 άκό
391 832 539 916 μονάδος
569 829 755 899 ὁποσοιοῦν
777 831 923 919 άριθμοὶ
948 836 1036 923 ἑξῆς
1059 837 1136 907 άυά-

106 939 209 1024 λογού
243 944 344 1023 εἰσιν,
379 938 396 1005 6
429 939 466 1005 δὲ
498 937 578 1023 μετὰ
611 937 673 1023 τήν
706 939 838 1025 μονάδα
871 935 889 1007 6
927 950 961 1009 A
1001 946 1135 1029 πρῶτός
1191 978 1194 986 ·

106 1050 211 1131 ἐστιν,
236 1044 254 1113 6
278 1048 430 1131 μέγιστος
452 1049 520 1111 τῶν
544 1054 590 1129 A,
610 1052 654 1129 B,
673 1052 716 1130 Γ,
736 1054 770 1112 Δ
793 1043 811 1112 6
835 1052 870 1111 Δ
891 1042 953 1113 ὑπ’
988 1049 1134 1129 οὐδενὸς

106 1151 211 1221 &nov
242 1154 487 1239 μετρηθήσεται
515 1150 617 1235 παρὲξ
643 1156 712 1219 τῶν
735 1162 782 1237 A,
801 1160 845 1237 Β,
864 1158 901 1220 Γ.
949 1162 1018 1222 καί
1045 1160 1134 1225 ἐστιν

54 1278 86 1325 10
109 1262 242 1338 ἕκαστος
265 1264 333 1326 τῶν
358 1268 403 1343 Α,
423 1266 467 1337 Β,
487 1264 519 1324 Γ
537 1256 662 1343 άρτιος·
692 1255 709 1324 6
733 1266 767 1325 A
795 1257 860 1345 άροι
887 1259 1050 1347 ἀρτιάκις
1078 1262 1133 1351 άρ-

105 1366 175 1444 τιός
199 1369 267 1433 ἐστι
291 1367 408 1452 μόυου.
454 1362 577 1450 ὁμοίως
601 1363 642 1449 δή
668 1367 835 1450 δείξομεν,
863 1362 917 1431 ὅτι
943 1369 1035 1453 [καὶ]
1062 1368 1134 1437 ἑκά-

105 1499 199 1555 τερος
230 1475 300 1538 τῶν
328 1478 372 1555 Β,
397 1476 429 1537 Γ
457 1468 608 1555 άρτιάκις
638 1468 752 1557 άρτιός
783 1472 851 1537 ἐστι
881 1471 1012 1555 μόνον·
1054 1473 1133 1561 ὅπερ

106 1583 173 1645 ἔδει
197 1578 311 1655 δεῖξαι.

584 1665 649 1750 κγ’.

53 1772 85 1819 15
169 1750 258 1819 Ἐάυ
283 1751 454 1839 ἀριθμὸς
472 1752 542 1820 τὸυ
566 1753 713 1839 ήμισυυ
737 1759 803 1841 ἔχη
822 1756 1041 1845 περισσόν,
1066 1755 1134 1847 άρ-

105 1860 233 1940 τιάκις
256 1862 445 1947 περισσός
469 1863 551 1927 ἐστι
574 1860 710 1946 μόνον.

169 1963 328 2054 Ἀριθμός
360 1966 424 2053 γὰρ
454 1965 471 2034 ὁ
504 1976 536 2033 A
563 1964 624 2033 τὸυ
657 1964 783 2051 ἥμισυν
816 1967 915 2053 ἐχέτω
950 1972 1133 2056 περισσόν·

105 2074 207 2158 λέγω,
232 2074 282 2140 ὅτι
307 2071 324 2140 6
349 2083 381 2140 A
405 2071 554 2159 ἀρτιάκις
572 2072 729 2157 περισσός
753 2074 821 2139 ἐστι
843 2072 963 2159 μόνον.

164 2180 235 2246 ’Ότι
268 2179 329 2265 μὲν
361 2172 425 2247 οὖν
455 2177 606 2262 άρτιάκις
633 2177 790 2265 περισσός
817 2180 922 2264 ἐστιν,
955 2184 1131 2272 φανερόν·

52 2284 123 2353 206
154 2285 219 2373 γὰρ
248 2283 368 2371 ἥμισυς
396 2283 501 2352 αὐτοῦ
529 2281 686 2365 περισσὸς
714 2280 762 2351 άυ
794 2297 907 2371 μετρεῖ
932 2285 1045 2357 αὐτὸν
1073 2289 1131 2380 άρ-

108 2393 222 2470 τιάκις.
269 2393 353 2476 λέγω
384 2390 441 2476 δή,
470 2389 521 2457 ὅτι
543 2391 598 2457 καὶ
629 2389 746 2476 μόνον.
792 2394 823 2457 εἰ
844 2388 909 2478 γάρ
933 2396 1031 2461 ἔσται
1057 2394 1076 2465 6
1100 2406 1133 2465 A

108 2499 163 2565 καὶ
192 2496 342 2585 άρτιάκις
370 2495 496 2581 άρτιος,
529 2495 773 2583 μετρηθήσεται
800 2492 866 2564 ὑπὸ
895 2493 1018 2580 ἀρτίου
1047 2501 1132 2571 κατὰ

105 2604 222 2691 άρτιου
237 2601 399 2688 άριθμόυ·
422 2600 575 2669 ὥστεκαὶ
590 2601 607 2668 6
623 2602 744 2688 ἥμισυς
759 2600 864 2670 αὐτοῦ
877 2605 1132 2692 μετρηθήσεται

106 2709 171 2778 ὑπὸ
196 2708 314 2797 άρτίου
333 2707 484 2796 άριθμοῦ
507 2706 663 2794 περισσὸς
682 2707 742 2775 άυ·
768 2708 849 2796 ὅπερ
869 2708 961 2776 ἐστὶν
986 2708 1132 2783 άτοττου.

52 2832 86 2880 ‘25
107 2815 124 2884 6
141 2826 172 2883 A
186 2815 251 2901 άρα
266 2815 417 2902 άρτιάκις
430 2814 587 2901 περισσός
602 2817 671 2881 ἐστι
685 2813 807 2901 μόνον·
827 2812 907 2903 ὅπερ
923 2818 992 2883 ἔδει
1010 2821 1132 2901 δεῖξαι.

177 2965 199 3010 1.
221 2959 259 3028 Β]
281 2957 344 3023 μοι)
364 2958 489 3024 κου.
573 2964 598 3010 3.
618 2948 687 3027 οὖν]
708 2974 762 3010 om.
781 2955 812 3010 P.
893 2957 951 3009 τοι
969 2960 1007 3023 Β,
1030 2964 1066 3030 Γ,
1086 2963 1132 3034 A]

105 3048 157 3084 om.
177 3028 207 3082 P.
281 3035 315 3095 A,
336 3033 357 3081 B
376 3030 406 3083 F.
479 3025 590 3093 άρτιον,
615 3047 659 3080 -ου
678 3043 748 3080 eras.
767 3026 801 3081 V.
874 3032 899 3081 4.
920 3024 1009 3098 ἐστιν]
1034 3047 1132 3103 comp.

103 3102 162 3169 Fq;
184 3098 241 3154 ἐστι
259 3099 320 3152 PV.
390 3096 446 3152 άπὸ
467 3097 538 3168 γάρ]
559 3094 629 3151 αὐτό
648 3102 674 3165 (e
695 3100 774 3165 corr.)
793 3093 847 3184 γὰρ
867 3093 924 3151 άιτό
942 3098 974 3150 F.
1049 3098 1131 3174 ἐστι’]

105 3169 179 3225 ἐστίν
205 3171 321 3232 ἕκαστος
344 3172 374 3227 F.
462 3177 486 3224 ὃ.
505 3171 576 3237 λέγω
601 3165 635 3236 δή
654 3169 741 3237 BVq.
779 3188 867 3237 μουας
888 3165 907 3236 ἡ
932 3170 957 3221 Ε
976 3169 1133 3241 Vq37‘1F,

103 3246 202 3311 postea
220 3243 316 3297 insert.
336 3243 367 3295 B.
442 3247 482 3297 11.
503 3240 568 3311 καί]
593 3257 647 3294 om.
666 3240 696 3293 P.
735 3237 851 3300 ἕκαστος
869 3237 900 3294 Ρ.
975 3244 1018 3293 15.
1039 3237 1133 3312 ἥμισυ

104 3314 134 3366 F.
205 3320 246 3368 10.
268 3310 392 3367 ἐστινΡ.
456 3307 651 3381 17.ήμισυΓ.
718 3317 758 3364 18.
780 3306 904 3364 ἐστινΡ.
965 3315 1008 3364 19.
1032 3309 1132 3389 ἔστιν]

103 3384 138 3449 Ρ,
158 3401 247 3452 comp.
268 3386 301 3449 F;
322 3380 380 3438 ἐστι
399 3384 455 3452 Vq.
547 3389 589 3437 κθ.
609 3377 695 3450 ἥμισυ
714 3381 743 3436 F.
764 3447 770 3467 ε
798 3445 812 3467 Η
836 3375 924 3442 οὗτός
941 3401 969 3467 ,φ
989 3384 1066 3465 gnon
1087 3388 1132 3475 Γ).

104 3460 147 3507 22.
167 3457 230 3521 καί]
251 3473 303 3509 om.
323 3456 353 3508 F.
417 3454 485 3509 Post
503 3450 599 3523 άρτιος
619 3454 682 3508 add.
701 3452 739 3506 V:
759 3472 774 3505 ο
793 3469 894 3521 ημισυς
912 3471 1002 3506 αυτου
1026 3450 1134 3525 α”ρτιος

106 3520 164 3577 ἐστι
183 3527 245 3590 κοιί;
265 3527 340 3579 idem
361 3526 382 3577 B
400 3543 436 3578 m.
456 3542 511 3580 rec.
585 3532 627 3579 23.
647 3518 732 3593 ήμισυ
750 3523 780 3578 F.
