2446 3938
152 208 218 274 262
527 209 730 262 Στοιεεωω
749 204 785 274 ς’.

153 352 233 419 ὅλον
261 348 320 418 τὸν
343 355 418 418 ΓΔ·
454 350 510 417 καὶ
534 347 653 418 λοιπὸν
675 348 741 438 ἄρα
768 347 827 417 τὸν
855 354 917 416 ΓΖ
944 348 1178 435 μετρήσουσιν

153 457 320 525 ἐλάσσονα
355 455 436 525 ὄντα
470 460 532 526 τοῦ
562 464 603 524 Ε·
644 455 724 544 ὅπερ
758 456 849 524 ἐστὶν
880 453 1061 523 ἀδύνατον.
1109 452 1177 523 οῦκ

152 561 220 653 ἄρα
247 562 289 632 οῦ
318 577 430 650 μετρεῖ
456 561 474 632 ὁ
499 571 531 631 Ε
550 561 611 632 τὸν
634 569 709 631 ΓΔ·
746 575 859 651 μετρεῖ
879 559 959 649 ἄρα·
996 558 1078 648 ὅπερ
1104 565 1175 629 ἔδει

153 671 268 751 δεῖξαι.

118 808 133 858 ε
414 804 421 818 ·
629 794 696 865 λς’.

221 922 351 1005 Τριῶν
381 915 565 1006 ἀριθμῶν
594 919 801 986 δοθέντων
828 915 978 1005 εὑρεῖν,
1010 912 1056 984 ὃν
1086 918 1176 985 ἐλά-

151 1042 287 1109 χιστον
312 1025 527 1110 μετροῦσιν
550 1019 737 1109 ἀριθμόν.

209 1127 385 1196 Ἔστωσαν
413 1131 448 1196 ολ
475 1129 634 1208 δοθέντες
655 1140 743 1214 τρεῖς
766 1125 908 1215 ἀριθμοὶ
933 1130 968 1195 ολ
989 1137 1036 1214 A,
1059 1135 1106 1214 Β,
1131 1133 1175 1196 Γ·

153 1237 207 1302 δεῖ
228 1235 269 1322 δή
295 1233 418 1322 εῦρεῖν,
442 1231 482 1301 ὃν
505 1234 681 1321 ἐλάχιστον
704 1238 885 1322 μετροῦσιν
908 1231 1066 1323 ἄρνθμόν.

103 1346 136 1394 10
221 1343 390 1429 Εἰλήφθω
418 1339 484 1427 γὰρ
512 1336 579 1407 ὑπὸ
607 1341 671 1407 δύο
698 1344 767 1408 των
790 1350 837 1426 A,
860 1347 889 1408 Β
917 1340 1088 1426 ἐλάχιστος
1117 1367 1176 1426 με-

152 1448 337 1535 τρούμενος
360 1444 379 1514 ὁ
403 1455 445 1514 Δ.
483 1443 567 1532 ὃδὴ
587 1451 619 1514 Γ
637 1445 696 1514 τὸν
717 1455 750 1514 A
772 1444 848 1533 ήτοι
870 1441 1025 1532 μετρεῖή
1051 1443 1093 1514 οῦ
1117 1473 1177 1534 με·

152 1567 232 1639 τρεῖ.
272 1557 428 1640 μετρείτω
457 1553 630 1639 πρότερον.
672 1555 830 1639 μετροῦσι
858 1551 896 1620 δὲ
923 1553 979 1620 καὶ
1009 1555 1044 1620 ολ
1070 1561 1118 1638 A,
1144 1559 1176 1621 Β

152 1657 213 1728 τὸν
237 1667 282 1725 A·
315 1662 351 1727 οἱ
371 1667 414 1745 Α,
438 1666 478 1746 Β,
501 1665 533 1728 Γ
552 1657 618 1745 ἄρα
639 1656 699 1726 τὸν
723 1666 757 1725 A
780 1663 968 1747 μετροῦσιν.
1006 1660 1092 1746 λε’γω
1117 1663 1177 1748 δή,

153 1763 205 1833 ὅτι
236 1765 291 1832 κοιλ
325 1767 509 1854 ἐλάχιστον.
553 1769 584 1832 εἰ
614 1762 679 1852 γὰρ
713 1764 774 1850 μή,
807 1767 1033 1854 μετρήσουσιν
1067 1772 1176 1853 [τινα]

66 1864 70 1870 ’
102 1886 134 1934 15
154 1869 303 1960 ἀριθμὸν
332 1874 367 1940 ολ
388 1881 435 1959 A,
459 1879 504 1957 Β,
527 1876 559 1938 Γ
577 1872 744 1938 ἐλάσσονα
768 1869 849 1960 ὄντα
872 1877 934 1941 τοῦ
958 1882 999 1942 A.
1046 1879 1179 1961 μετρεί-

153 1996 265 2046 τωσαν
287 1978 348 2046 τὸν
372 1985 410 2045 Ε.
442 1977 513 2045 ἐπεὶ
536 1979 572 2043 ολ
588 1985 631 2060 A,
654 1983 695 2063 Β,
718 1983 750 2045 Γ
768 1977 829 2046 τὸν
847 1985 880 2046 Ε
900 1983 1092 2068 μετροῦσιν,
1115 1981 1180 2048 καὶ

155 2087 190 2152 ολ
211 2093 253 2171 A,
276 2092 304 2152 B
331 2082 397 2172 ἄρα
419 2082 479 2152 τὸν
502 2089 534 2150 Ε
555 2086 743 2170 μετροῦσιν.
789 2085 845 2151 καὶ
869 2082 887 2153 ὁ
912 2086 1083 2172 ἐλάχιστος
1106 2084 1180 2176 ἄρα

153 2188 219 2259 ὑπὸ
246 2196 314 2260 τῶν
338 2199 384 2276 A,
408 2198 437 2257 Β
464 2191 688 2276 μετρούμενος
717 2188 790 2273 [τὸν
814 2196 859 2275 Ε]
890 2194 1053 2279 μετρήσει.
1100 2196 1179 2263 ἑλοί-

153 2317 264 2384 χιστος
288 2295 325 2364 δὲ
348 2292 414 2364 ὑπὸ
436 2299 505 2364 νῦν
523 2304 566 2382 A,
585 2303 614 2362 Β
633 2296 857 2383 μετρούμενός
875 2299 967 2366 ἐστιν
985 2296 1004 2366 ὁ
1023 2307 1057 2367 A
1063 2319 1070 2335 ·
1099 2296 1118 2367 ὁ
1143 2310 1180 2369 A

102 2415 137 2465 20
155 2401 221 2490 ἄρα
254 2401 313 2470 τὸν
342 2410 375 2470 Ε
400 2403 555 2491 μετρήσει
587 2399 606 2470 ὁ
635 2407 756 2490 μείζων
782 2400 843 2470 τὸν
871 2405 1048 2473 ἐλάσσονα·
1090 2405 1179 2496 ὅπερ

155 2509 246 2578 ἐστὶν
269 2506 449 2576 ἀδύνατον.
482 2507 544 2577 οὐκ
566 2508 633 2598 ἄρα
656 2512 691 2576 οἱ
707 2519 749 2595 A,
769 2516 809 2594 Β,
827 2515 860 2576 Γ
876 2513 1082 2600 μετρήσουσί
1096 2537 1180 2583 τινα

155 2614 304 2703 σἰρνθμὸν
329 2615 494 2683 ἐλάσσονα
517 2613 599 2682 ὄντα
622 2617 683 2683 τοῦ
704 2624 737 2682 A
743 2637 749 2654 ·
782 2618 817 2684 οἱ
834 2624 877 2702 A,
900 2623 941 2702 B,
964 2623 997 2684 Γ
1015 2616 1081 2704 ἄρα
1100 2619 1179 2689 ἐλά-

154 2739 268 2806 χιστον
291 2720 351 2789 τὸν
376 2730 409 2788 A
432 2725 618 2808 μετροῦσιν.

223 2824 283 2912 Μή
312 2833 469 2915 μετρείτω
493 2826 535 2913 δή
558 2827 660 2895 πάλιν
684 2822 702 2894 ὁ
727 2833 759 2895 Γ
776 2825 836 2895 τὸν
860 2836 909 2914 A,
937 2828 992 2895 καὶ
1016 2830 1178 2916 εἰλήφθω

228 3045 252 3094 5.
271 3037 316 3110 λη’
341 3041 402 3110 BV,
427 3037 477 3096 λθ’
500 3059 528 3110 p.
618 3046 643 3098 9.
663 3036 846 3110 μετρήσουσιν
870 3039 900 3093 Ρ.
992 3048 1034 3098 10.
1053 3043 1124 3115 τῶν]
1147 3047 1179 3103 in

155 3127 209 3166 ras.
234 3132 264 3180 φ.
339 3119 380 3167 11.
405 3110 453 3184 δή]
478 3114 510 3167 δέ
536 3112 565 3166 Ρ.
641 3117 681 3168 13.
701 3107 758 3181 ἄρα
777 3117 812 3181 A,
837 3115 872 3180 B,
893 3114 919 3165 Γ
938 3112 999 3182 Vm.
1038 3117 1179 3183 μετροῦσι

155 3182 249 3254 me,
268 3180 453 3254 μετρήσουσιν
471 3183 502 3239 P.
593 3178 646 3254 δή]
667 3198 720 3237 om.
740 3183 803 3250 ch.
896 3188 936 3237 14.
957 3181 1130 3254 μετρήσουσι
1150 3189 1178 3245 V

156 3256 185 3307 et
204 3271 273 3309 corr.
293 3272 326 3310 ex
346 3256 522 3324 μετρείσουσι
541 3275 570 3323 φ.
657 3253 733 3323 τινα]
753 3269 806 3307 om.
826 3253 881 3322 Pp.
970 3260 1011 3311 15.
1031 3251 1177 3333 ἀριθμόν]

156 3341 211 3378 om.
230 3341 257 3392 p.
331 3321 481 3396 ἐλάσσονα]
500 3345 565 3380 τινα
583 3320 710 3395 ἀριθμὸν
730 3317 866 3378 ἐλάττονα
884 3343 912 3394 p.
978 3333 1019 3382 16.
1040 3321 1104 3382 ἐπεὶ
1119 3323 1178 3387 οῦν

156 3393 218 3462 Vm.
256 3397 388 3464 μετροῦσι
406 3396 518 3466 Pthp.
593 3401 634 3452 17.
660 3390 844 3466 μετρήσουσιν
868 3396 890 3449 Ρ
914 3399 943 3452 οῖ
961 3415 1052 3468 comp.
1070 3416 1104 3468 p3
1127 3422 1178 3471 με.

156 3464 333 3534 τροῦσιλῑφ.
366 3463 505 3522 ’18.τόν
524 3468 565 3538 Ε]
585 3485 639 3524 om.
658 3467 688 3520 Ρ.
748 3472 800 3552 ²⁰1
811 3463 959 3540 μετρήσει]
985 3485 1115 3540 comp.p
1146 3474 1180 3530 in

156 3551 209 3589 ras.
225 3555 255 3604 φ.
311 3542 355 3591 21.
371 3538 410 3609 Γ]
426 3538 520 3594 insert.
535 3540 636 3607 postea
651 3557 680 3608 φ.
714 3553 900 3606 μετρήσουσιν
915 3539 945 3606 Β,
961 3540 1094 3611 μετροῦσι
1108 3515 1179 3616 Vq).
