2446 3938
128 159 194 223 280
514 153 716 210 Σοουυιτοω
734 152 775 225 η’.

127 313 254 386 μετρεῖ,
281 297 480 379 τοσαυτάκις
506 299 563 366 καὶ
591 295 609 366 6
637 307 670 366 A
696 297 758 366 τὸν
781 306 811 367 Θ
833 305 1005 386 μετρείτω,
1032 297 1156 381 ὁσάκις

128 406 166 474 δὲ
197 404 215 473 6
245 411 277 474 Γ
299 405 360 474 τὸν
389 411 429 472 Η
452 418 578 492 μετρεῖ,
610 403 810 484 τοσαυτάκις
836 405 892 472 καὶ
921 402 939 473 6
971 415 1006 473 A
1028 406 1094 476 τὸν
1117 415 1155 476 Κ

128 518 296 599 μετρείτω.
346 509 364 580 6
393 511 430 579 δὲ
460 518 492 577 Ε
516 509 577 578 τὸν
606 517 639 578 Κ
665 509 740 597 ἤτοι
773 525 887 598 μετρεῖ
912 507 933 597 ἢ
959 509 1000 579 οὐ
1024 526 1150 601 μετρεῖ.

127 624 284 705 μετρείτω
312 617 487 706 πρότερον.
532 617 587 684 καὶ
616 614 732 696 ὁσάκις
761 612 779 684 6
808 624 840 684 E
869 616 931 685 τὸν
958 625 994 685 Κ
1021 633 1152 707 μετρεῖ,

92 725 325 804 ῖτοσαυτάκις
351 724 407 791 καὶ
435 721 453 791 6
484 730 512 790 Ζ
542 720 603 791 τὸν
627 729 658 789 A
687 722 854 810 μετ’ρείτω.
899 724 954 791 καὶ
979 725 1049 792 ἐπεὶ
1074 725 1152 793 ίσά·

126 857 178 910 κις
210 828 228 898 6
257 839 289 897 A
316 828 376 898 τὸν
404 837 434 897 Θ
465 841 580 916 μετρεῖ
603 829 660 896 καὶ
688 826 706 897 6
734 836 763 896 Β
790 828 850 899 τὸν
878 839 925 915 H,
958 836 1049 898 ἔστιν
1078 830 1152 918 άροι

127 934 172 1016 ὡς
200 933 218 1003 6
247 944 280 1002 A
306 933 391 1023 πρὸς
416 933 479 1003 τὸν
502 941 547 1020 Β,
575 935 683 1014 οὕτως
712 932 730 1002 6
754 942 783 1002 Θ
805 933 889 1023 πρὸς
911 934 972 1003 τὸν
995 942 1038 1004 Η.
1087 937 1149 1006 διὰ

126 1041 167 1109 τὰ
200 1039 286 1110 αὐτὰ
316 1041 359 1127 δὴ
387 1041 443 1108 καὶ
472 1039 516 1121 ὡς
544 1039 562 1109 6
591 1048 624 1109 Γ
645 1039 730 1128 πρὸς
756 1040 818 1110 τὸν
847 1050 896 1126 A,
924 1040 1031 1122 οὕτως
1059 1040 1077 1110 6
1112 1052 1152 1112 H

126 1146 210 1236 πρὸς
236 1146 296 1216 τὸν
320 1154 368 1233 K,
395 1147 451 1214 καὶ
480 1152 528 1215 ἔτι
555 1145 601 1226 ὡς
630 1145 647 1215 6
671 1154 704 1214 E
731 1145 815 1234 πρὸς
837 1145 898 1216 τὸν
922 1156 965 1233 Ζ,
994 1147 1104 1229 οὕτως
1130 1148 1152 1218 6

74 1273 108 1322 10
127 1262 162 1322 K
187 1253 271 1341 πρὸς
297 1252 359 1322 τὸν
387 1260 432 1321 A·
461 1257 497 1322 οί
521 1261 565 1339 Θ,
583 1260 633 1340 Η,
652 1260 700 1340 Κ,
721 1261 752 1321 A
779 1252 847 1342 άροι
875 1256 949 1342 ἑξῆς
971 1252 1153 1342 άνάλογόν

126 1366 213 1429 εἰσιν
241 1366 278 1428 ἔν
305 1387 340 1429 τε
369 1364 415 1452 τῷ
438 1364 500 1427 τοῦ
524 1367 557 1426 A
579 1360 663 1447 πρὸς
685 1359 747 1428 τὸν
769 1367 798 1427 Β
821 1361 877 1429 καὶ
902 1363 938 1428 ἐν
961 1365 1006 1452 τῷ
1029 1373 1092 1429 τοῦ
1118 1371 1155 1431 Γ

125 1466 209 1553 πρὸς
235 1465 296 1534 τὸν
320 1473 354 1532 A
375 1464 431 1531 καὶ
455 1469 503 1532 ἔτι
527 1467 563 1532 ἐν
586 1468 632 1556 τῷ
654 1469 718 1534 τοῦ
742 1474 774 1533 Ε
794 1465 878 1552 πρὸς
900 1466 961 1536 τὸν
985 1475 1012 1534 Z
1042 1467 1149 1561 λόγῳ.

125 1573 210 1658 λέγω
241 1570 300 1658 δή,
328 1568 379 1638 ὅτι
408 1571 465 1638 καὶ
492 1569 669 1657 ἐλάχιστοι.
715 1576 747 1640 εί
773 1570 839 1660 γάρ
867 1572 912 1661 μή
937 1577 1023 1641 είσιν
1047 1578 1083 1642 οί
1106 1584 1151 1662 Θ,

125 1686 176 1763 Η,
194 1683 243 1763 Κ,
262 1684 293 1744 A
321 1677 396 1763 ἑξῆς
424 1673 596 1764 ἀνάλογον
625 1676 791 1764 ἐλάχιστοι
815 1683 852 1747 ἔν
875 1704 911 1746 τε
933 1693 1004 1759 τοῖς
1026 1685 1088 1749 τοῦ
1113 1693 1151 1750 A

73 1804 109 1854 15
127 1782 211 1871 πρὸς
238 1781 299 1850 τὸν
325 1790 354 1850 Β
377 1783 434 1851 καὶ
461 1788 523 1851 τοῦ
551 1790 584 1851 Γ
606 1783 691 1871 πρὸς
718 1783 779 1852 τὸν
808 1793 842 1851 A
872 1785 929 1852 καὶ
956 1787 993 1853 ἐν
1012 1791 1057 1878 τῷ
1081 1793 1150 1856 τοῦ

127 1897 159 1956 Ε
179 1887 262 1976 πρὸς
284 1886 344 1956 τὸν
369 1896 397 1955 Ζ
419 1887 546 1977 λόγοις,
569 1895 718 1957 ἔστωσαν
742 1893 777 1958 oc
798 1898 849 1975 Ν,
868 1894 911 1977 Ξ,
930 1899 984 1976 M,
1006 1899 1042 1963 0.
1088 1895 1149 1961 καὶ

127 1997 201 2064 ἐπεί
229 1997 320 2063 ἐστιν
353 1992 398 2075 ὡς
429 1993 447 2063 6
478 2005 510 2063 A
537 1995 621 2085 πρὸς
647 1995 708 2064 τὸν
736 2003 781 2081 Β,
814 1994 921 2077 οὕτως
948 1996 966 2065 6
997 2005 1036 2066 N
1058 2000 1151 2088 πρὸς

126 2101 187 2171 τὸν
215 2104 257 2188 Ξ,
291 2103 327 2169 oc
353 2101 391 2169 δὲ
418 2111 466 2189 Α,
492 2109 521 2169 Β
550 2101 732 2190 ἐλάχιστοι,
766 2105 802 2170 οί
828 2101 866 2170 66
894 2102 1062 2190 ἐλάχιστοι
1090 2133 1150 2192 με·

126 2213 245 2297 τροῦσι
271 2208 353 2287 τοὺς
381 2208 442 2276 τὸν
470 2205 577 2276 αὐτὸν
605 2208 710 2295 λόγον
744 2213 880 2295 ἔχοντας
910 2209 1018 2290 ίσάκις
1054 2209 1074 2278 6
1109 2238 1150 2280 τε

73 2338 108 2387 20
127 2320 246 2402 μείζων
277 2313 339 2382 τὸν
375 2320 510 2401 μείζονα
545 2315 602 2382 καὶ
634 2312 653 2384 6
687 2316 838 2383 ἐλάσσων
870 2314 932 2382 τὸν
965 2315 1148 2403 ἐλάσσονα,

126 2421 298 2489 τουτέστιν
322 2417 341 2488 ὅ
364 2445 399 2487 τε
426 2417 616 2506 ἡγούμενος
637 2419 699 2489 τὸν
729 2418 921 2507 ἡγούμενον
944 2422 1000 2489 καὶ
1024 2419 1041 2489 6
1067 2423 1147 2492 ἑκό-

127 2554 227 2614 μενος
258 2525 319 2594 τὸν
352 2525 534 2612 ἑπόμενον,
568 2522 586 2594 6
614 2533 643 2594 Β
672 2526 738 2614 άροι
765 2525 827 2594 τὸν
854 2529 885 2604 Ξ
915 2542 1033 2616 μετρεῖ.
1085 2530 1147 2597 διά

200 2711 223 2758 1.
245 2704 285 2774 Θ]
310 2720 380 2758 eras.
399 2702 434 2755 V.
507 2709 531 2757 2.
551 2703 616 2773 καί]
641 2703 775 2772 ο111.λίφ.
850 2711 875 2761 9.
896 2703 937 2759 ἔτι
961 2701 1015 2777 ὡς]
1039 2705 1069 2760 in
1087 2723 1143 2761 ras.

126 2775 287 2828 111.1εο.Ρ.
361 2780 402 2828 10.
424 2775 462 2843 Θ,
483 2774 528 2846 Η]
552 2790 656 2828 ecorr.
676 2775 742 2842 post
759 2791 812 2830 ras.
832 2781 848 2829 2
868 2775 923 2830 litt.
943 2774 982 2842 V,
1003 2780 1045 2846 H,
1066 2778 1091 2831 Θ
1109 2779 1143 2833 Β.

127 2840 281 2914 ἀνάλογον]
302 2844 339 2911 P,
359 2861 414 2902 om.
433 2843 523 2913 BVQ.
581 2851 622 2900 11.
642 2843 685 2916 τε]
706 2861 761 2900 om.
775 2844 836 2915 Vq).
894 2852 935 2902 13.
957 2847 1000 2971 &H
1020 2864 1090 2902 eras.
1106 2849 1139 2903 V.

128 2917 166 2983 Θ,
187 2915 230 2984 Η]
251 2917 292 2981 Η,
313 2917 338 2968 Θ
356 2916 386 2968 Β.
443 2922 485 2970 14.
504 2911 659 2986 άνάλονον]
679 2914 715 2981 Ρ;
734 2933 791 2986 mg.
806 2935 843 2971 m.
864 2917 927 2983 1V,
948 2917 1055 2972 de.m.
1069 2936 1144 2986 τεο,

127 2984 255 3054 0111.Βφ.
307 2987 349 3055 τε]
365 2986 526 3056 om.BVq³.
583 2990 625 3041 15.
644 2987 711 3058 καί]
731 2987 780 3042 καὶ
800 2983 832 3042 ἐν
851 2989 888 3042 τῶ
904 2988 934 3042 Ρ.
983 2985 1083 3060 ἐντῷ]
1101 2988 1143 3044 ἔτι

126 3059 164 3131 τῷ
179 3056 215 3124 Β,
237 3054 277 3111 ἔτι
293 3053 324 3111 ἐν
338 3057 417 3127 τῷν
448 3101 453 3112 .
511 3064 551 3114 16.
567 3059 636 3112 Post
653 3053 748 3126 λόγοις
767 3059 831 3113 add.
851 3043 920 3128 Κίων
941 3056 1057 3114 ἔσονταί
1067 3079 1146 3123 τινες

126 3130 182 3182 τῶν
202 3132 243 3199 Η,
264 3130 301 3197 Θ,
320 3132 359 3196 Κ,
378 3133 402 3182 A
422 3077 487 3197 ἓῆς
507 3130 573 3199 (mg.
593 3129 629 3198 V)
655 3125 804 3192 ἐλάσσονες
829 3125 949 3200 άρνθμοὶ
974 3128 1006 3184 ἕν
1028 3149 1059 3184 τε
1083 3138 1146 3193 τοῖς

127 3202 177 3254 τοῦ
196 3205 218 3253 A
237 3196 308 3268 πρὸς
326 3196 376 3254 τὸν
395 3203 417 3253 Β
437 3199 486 3253 καὶ
509 3203 560 3255 τοῦ
585 3203 612 3254 Γ
632 3196 703 3269 πρὸς
726 3196 778 3254 τὸν
802 3206 828 3255 A
851 3202 901 3254 καλ
925 3198 967 3255 ἔτι
991 3203 1087 3271 (supra
1105 3201 1144 3270 V)

127 3271 177 3324 τοῦ
197 3274 222 3324 Ε
241 3267 312 3339 πρὸς
330 3266 381 3326 τὸν
400 3274 421 3324 Ζ
440 3266 549 3339 λόγοιςς
572 3271 649 3326 idem
668 3271 690 3324 B
709 3288 766 3341 mg.
785 3289 822 3325 111.
843 3279 858 3326 2
879 3289 933 3328 om.
960 3269 1026 3339 ἕξῆς
1043 3274 1073 3327 e't
1092 3270 1143 3328 ἔτι.

129 3346 169 3394 17.
191 3337 244 3411 ὡς]
267 3360 351 3410 supra
368 3359 405 3396 m.
426 3349 441 3395 2
461 3341 494 3396 V.
581 3343 627 3413 N]
649 3346 680 3396 H
696 3363 726 3412 φ.
810 3348 852 3397 18,
877 3341 908 3396 οἱ
931 3342 962 3398 66
988 3337 1143 3413 ἐλάχιστοί]

118 3426 181 3480 ,0111
201 3409 231 3463 Ρ.
269 3414 418 3483 μετροῦσιν
437 3412 501 3482 ch.
557 3419 600 3469 20.
621 3409 743 3469 ἐλάττων
762 3408 813 3467 τὸν
828 3407 965 3468 ἐλάττονα
979 3413 1041 3483 th.
1098 3420 1143 3468 21.

127 3482 171 3552 τε]
192 3498 246 3535 om.
265 3483 295 3536 P.
369 3488 412 3537 22.
433 3478 502 3554 ἄρα]
524 3481 565 3538 ἔτι
584 3503 615 3553 φ.
