2446 3938
140 218 206 283 336
510 218 711 271 Στουουαυ
728 213 769 286 η’.

619 437 678 478 κε.

204 533 293 603 Ἐάν
313 534 384 603 δύο
404 532 572 623 ἀριθμοὶ
591 532 687 624 πρὸς
705 533 901 621 ἀλλήλους
924 534 1051 621 λόγον
1070 540 1163 623 ἔχω-

142 662 222 727 σιν,
255 639 301 710 ὃν
332 641 454 728 κύβος
481 639 654 730 ἀριθμὸς
685 639 782 729 πρὸς
808 641 933 728 κύβον
961 640 1162 729 ἀριθμόν,

141 746 159 818 6
195 749 236 818 δέ
268 753 419 836 πρῶτος
452 749 573 834 κύβος
604 740 642 837 ᾗ,
674 748 738 815 καὶ
768 745 786 816 6
821 747 1009 836 δεύτερος
1037 747 1164 834 κύβος

105 860 257 924 οέσται.

214 961 289 1028 Δύο
317 960 383 1046 γὰρ
411 958 553 1048 ἀριθμοὶ
577 964 613 1028 οί
632 971 679 1045 A,
698 969 727 1028 Β
751 961 835 1050 πρὸς
861 958 1027 1048 ἀλλήλους
1055 961 1163 1048 λόγον

147 1068 329 1156 ἐχέτωσαν,
357 1064 399 1136 ὃν
425 1067 529 1153 κύβος
555 1065 700 1154 ἀριθμὸς
724 1064 742 1135 6
766 1072 799 1134 Γ
822 1067 906 1156 πρὸς
927 1066 1037 1152 κύβον
1061 1065 1164 1156 ἀριθ-

148 1174 214 1261 μὸν
237 1173 297 1242 τὸν
321 1181 369 1259 Δ,
392 1172 495 1259 κύβος
519 1171 556 1240 δέ
579 1177 662 1240 ἔστω
687 1170 705 1241 6
730 1183 774 1241 A·
803 1175 889 1259 λέγω
914 1170 1001 1259 [ὃή],
1032 1171 1085 1241 ὅτι
1105 1174 1164 1242 καὶ

142 1277 161 1349 6
189 1289 217 1348 Β
240 1279 343 1365 κύβος
366 1282 466 1348 ἐστίν.

91 1414 124 1464 10
210 1383 299 1455 Ἐπεὶ
326 1384 390 1472 γὰρ
419 1388 454 1452 οί
479 1392 522 1471 Γ,
542 1394 576 1452 Δ
604 1385 704 1472 κύβοι
732 1390 834 1472 εἰσίν,
863 1388 899 1453 οί
923 1393 966 1473 Γ,
985 1393 1018 1454 Δ
1048 1386 1164 1472 ὅμοιοι

146 1497 280 1579 στερεοί
309 1496 407 1559 είσιυ·
440 1494 508 1558 τῶν
537 1497 580 1569 Γ,
601 1499 634 1557 Δ
666 1490 732 1580 ἀρα
765 1491 828 1560 δύο
860 1493 956 1578 μέσοι
988 1489 1165 1580 ἀνάλογον

147 1599 367 1683 ἐμπίπτουσιν
390 1594 541 1685 ἀριθμοί.
587 1595 662 1665 ὅσοι
686 1598 724 1666 δὲ
747 1603 795 1679 είς
816 1596 896 1678 τούς
918 1605 957 1686 Γ,
977 1608 1010 1667 Δ
1038 1598 1165 1685 μεταξὺ

148 1701 231 1771 κατὰ
253 1701 290 1770 τὸ
315 1700 450 1789 συνεχὲς
473 1699 643 1788 ἀνάλογον
667 1704 901 1789 ἐμπίπτουσιν,
924 1705 1082 1772 τοσοῦτοι
1106 1705 1166 1772 καλ

148 1814 197 1888 είς
224 1807 305 1888 τοὺς
330 1805 389 1876 τὸν
420 1805 524 1875 αὐτὸν
552 1808 656 1896 λόγου
680 1814 818 1896 ἔχοντας
841 1809 968 1890 αὐτοῖς·
997 1806 1083 1878 ὥστε
1106 1811 1165 1879 καὶ

94 1943 127 1993 1⁶
150 1920 218 1984 τῶν
250 1925 296 2002 A,
315 1923 344 1983 Β
377 1917 439 1983 δύο
471 1915 566 2002 μέσοι
598 1913 769 2002 ἀνάλογον
806 1920 1025 2003 ἐμπίπτουσιν
1063 1913 1166 2005 ἀριθ-

150 2028 215 2110 μοί.
257 2022 504 2110 ἐμπιπτέτωσαν
528 2024 564 2088 oc
579 2028 619 2106 Ε,
640 2029 676 2089 Ζ.
718 2023 787 2090 ἐπεὶ
807 2013 871 2090 οὖν
889 2023 1045 2110 τέσσαρες
1064 2020 1165 2112 ἀμιθ-

151 2129 208 2216 μοὶ
240 2131 275 2196 οί
304 2137 351 2213 A,
370 2135 414 2214 E,
435 2134 524 2212 Z,B
558 2127 632 2212 ἑξής
663 2124 835 2213 ἀνάλογόν
865 2132 967 2214 εἰσιν,
1003 2133 1064 2195 καί
1093 2131 1167 2197 ἐστι

149 2235 253 2322 κύβος
277 2232 294 2302 6
318 2242 365 2319 A,
388 2232 491 2319 κύβος
513 2231 579 2320 ἀρα
601 2233 657 2300 καὶ
681 2230 700 2300 6
725 2240 770 2300 Β·
794 2230 874 2322 ὅπερ
899 2237 966 2301 ἔδει
990 2236 1107 2316 δείξαι.

618 2444 680 2517 κε’.

94 2599 128 2649 20
218 2574 262 2638 Οί
283 2569 416 2658 ὅμοιοι
440 2572 620 2638 ἐπίπεδοι
644 2567 816 2657 ἀριθμοὶ
839 2568 936 2658 πρὸς
963 2567 1168 2656 ἀλλήλους

148 2676 270 2762 λόγου
299 2683 475 2765 ἔχουσιν,
508 2673 553 2744 ὃν
580 2675 829 2763 τετράγωνος
861 2672 1034 2763 ἀριθμὸς
1066 2677 1168 2764 πρὸς

154 2781 406 2869 τετράγωνον
430 2781 612 2870 ἀριθμόν.
1130 2872 1134 2878 ·

208 2886 384 2956 Ἔστωσαν
409 2887 520 2976 ὅμοιοι
543 2890 692 2956 ἐπίπεδοι
715 2886 859 2975 ἀριθμοὶ
884 2891 919 2955 οί
938 2896 981 2972 Α,
999 2895 1041 2955 Β·
1066 2875 1168 2976 λέγω,

154 2993 206 3064 ὅτι
229 2993 247 3062 6
272 3003 304 3062 A
322 2993 406 3082 πρὸς
423 2995 483 3063 τὸν
501 3002 530 3062 Β
554 2993 657 3080 λόγον
676 2999 752 3081 ἐχει,
777 2991 818 3061 ὃν
836 2993 1044 3081 τετράγωνος
1064 2991 1169 3082 ἀριθ-

95 3130 129 3179 25
153 3100 216 3190 μός
237 3100 321 3189 πρὸς
342 3101 552 3188 τετράγωνον
575 3097 734 3187 ἀριθμόν.

224 3337 248 3383 3.
268 3329 339 3400 πρὸς
357 3327 447 3404 κύβον
466 3327 609 3403 ἀριθμόν]
628 3328 673 3385 bis
693 3351 729 3400 φ,
748 3326 798 3382 sed
817 3343 886 3383 corr.
951 3335 975 3386 8.
995 3326 1049 3402 δή]
1064 3347 1120 3388 om.
1136 3336 1169 3390 P.

155 3408 197 3455 10.
218 3395 321 3472 ὅμοιοι]
341 3397 399 3471 ἀρα
418 3397 511 3471 ὅμοιοι
528 3402 618 3471 Bvqo.
698 3407 741 3455 11.
761 3396 819 3453 είσί
834 3398 895 3467 Vm.
979 3407 1020 3458 12.
1039 3399 1091 3474 δέ]
1111 3401 1170 3474 ᾱήῖ

156 3478 197 3526 13.
218 3466 386 3540 ἐμπίπτουσι
403 3473 492 3542 ΡῩφ.
557 3479 598 3530 15.
617 3475 685 3546 τῶν]
705 3468 756 3527 τόν
776 3489 806 3537 φ.
868 3475 909 3524 17.
929 3469 1012 3544 εἰσιν]
1033 3471 1088 3528 είσι
1103 3474 1170 3546 th.

155 3536 225 3613 ἐστι]
246 3538 321 3596 ἐστιν
339 3543 369 3597 Ρ,
425 3549 467 3598 24.
487 3544 525 3614 A]
546 3561 603 3613 seq.
623 3561 676 3599 ras.
699 3538 832 3598 111111.
888 3536 1013 3613 ἀριθμός
1032 3561 1086 3600 om.
1102 3543 1170 3617 Vm.
