2446 3938
141 183 204 248 148
524 185 727 238 ΣΤΟΙΧΕΙΩΝ
745 181 785 238 ς’.

138 327 175 394 ἐκ
198 328 272 393 τῶν·
289 328 453 409 πλευρῶν.
500 325 555 393 καὶ
580 329 652 393 ἐπεί
672 329 762 394 ἐστιν
787 324 832 406 ὡς
859 324 880 412 6
904 331 970 392 ΒΓ
989 324 1071 412 πρὸς
1094 323 1156 410 τὴν

137 437 223 516 ΓΗ,
251 430 357 512 οὕτως
384 430 422 499 τὸ
451 437 520 498 AF
543 436 889 520 παραλληλόγραμμον
917 431 1000 518 πρὸς
1023 431 1060 499 τὸ
1085 438 1157 516 ΓΘ,
1194 445 1197 450 ’

63 572 65 581 ·
139 536 214 606 ἀλλ’
246 536 290 619 ὡς
318 537 338 625 6
368 545 435 606 ΒΓ
452 537 536 625 πρὸς
559 538 621 625 τὴν
645 545 726 626 ΓΗ,
755 538 861 619 οὕτως
889 536 909 624 6
934 545 969 605 Κ
990 537 1072 624 πρὸς
1095 537 1157 623 τὴν

63 624 65 645 ¹
137 651 184 730 A,
207 646 263 712 καὶ
288 643 332 725 ὡς
356 644 422 733 ἄρα
445 642 466 732 6
492 652 527 712 K
548 643 631 732 πρὸς
653 644 714 732 τὴν
739 653 780 732 A,
805 644 911 725 οὕτως
933 644 971 713 τὸ
991 652 1060 712 AF
1075 645 1159 729 πρὸς

102 749 175 823 οτὸ
200 759 270 820 ΓΘ.
316 752 433 838 πάλιν,
464 755 536 820 ἐπεί
562 754 652 820 ἐστιν
681 750 725 832 ὡς
753 749 774 838 6
799 757 870 819 AF
888 752 972 839 πρὸς
998 750 1061 836 τὴν
1085 758 1158 836 ΓΕ,

139 856 247 938 οὕτως
274 855 311 926 τὸ
341 863 402 925 ΓΘ
430 858 779 948 παραλληλόγραμμον
807 856 890 947 πρὸς
912 857 949 925 τὸ
974 865 1049 944 ΓΖ,
1081 855 1154 925 ἀλλ’

140 962 185 1045 ὡς
211 961 232 1051 6
262 969 333 1031 AF
355 962 439 1048 πρὸς
465 963 531 1050 τὴν
559 970 636 1049 ΓΕ,
665 962 772 1045 οὕτως
799 961 819 1050 6
849 973 879 1030 A
907 961 989 1047 πρὸς
1016 962 1079 1050 τὴν
1107 971 1157 1050 Μ,

138 1071 194 1138 καὶ
214 1071 259 1150 ὡς
277 1069 377 1158 ἅραὴ
395 1077 425 1137 A
442 1068 525 1158 πρὸς
538 1070 602 1157 τὴν
616 1079 664 1158 Μ,
684 1069 790 1150 οὕτως
808 1069 846 1139 τὸ
868 1076 930 1138 ΓΘ
950 1070 1158 1155 παραλληλό-
1205 1114 1209 1127 ·

138 1204 293 1266 γραμμον
321 1175 405 1265 πρὸς
431 1175 469 1246 τὸ
498 1184 560 1245 ΓΖ
588 1176 945 1265 παραλληλόγραμμον.
996 1176 1065 1243 ἐπεὶ
1094 1168 1158 1243 οὖν

87 1309 121 1357 1ο
140 1287 288 1373 ἐδείχθη,
308 1280 352 1363 ὥς
371 1283 433 1370 μὲν
451 1281 472 1414 6
493 1290 527 1351 Κ
543 1281 627 1372 πρὸς
644 1282 706 1370 τὴν
721 1291 763 1370 Λ,
783 1282 939 1362 οὕτωςνὸ
955 1291 987 1349 Α
993 1288 1025 1349 Γ
1034 1291 1159 1369 παραλ-

139 1393 378 1520 ληλόγραμμον
398 1388 482 1478 πρὸς
500 1389 538 1458 τὸ
557 1397 619 1458 ΓΘ
637 1387 1040 1479 παραλληλόγραμμον,
1018 1418 1062 1469 ας
1081 1387 1157 1474 ὃὲὴ

139 1505 171 1565 A
191 1497 275 1584 πρὸς
292 1497 355 1585 τὴν
374 1506 423 1585 Μ,
445 1495 608 1628 066va
628 1503 690 1565 ΓΘ
708 1496 1057 1586 παραλληλόγραμμον
1077 1495 1160 1626 πρόρ

139 1604 177 1672 τὸ
208 1610 268 1672 ΓΖ
294 1605 662 1693 παραλληλόγραμμον,
692 1601 733 1672 δι’
766 1601 887 1672 λσον”
866 1630 931 1689 αρα
955 1600 1092 1671 ἐστὶν
1070 1600 1158 1688 ωςὴ

139 1718 176 1778 K
192 1710 276 1797 πρὸς
294 1709 357 1798 τὴν
377 1719 426 1797 Μ,
448 1713 555 1800 οὕτως
574 1711 611 1780 τὸ
631 1717 701 1780 AF
714 1709 798 1796 πρὸς
815 1709 852 1778 τὸ
874 1715 934 1777 ΓΖ
952 1708 1160 1796 παραλληλό·

87 1847 121 1896 15
142 1845 305 1908 γραμμον.
350 1846 371 1904 6
358 1815 429 1887 ‘62
448 1825 484 1886 K
503 1818 587 1908 πρὸς
604 1817 666 1906 τὴν
685 1827 730 1887 Μ
743 1817 847 1906 λόγον
867 1815 982 1904 ἔχει
950 1844 1010 1885 τον
1030 1820 1161 1900 συγκεί-

140 1950 245 2012 μενον
268 1926 304 1993 gu
326 1929 395 1994 τοῖν
417 1929 584 2014 πλευρῶν·
612 1926 668 1994 καὶ
691 1926 729 1995 τὸ
753 1933 823 1996 AF
842 1922 909 2014 ἄρα
932 1922 1014 2012 πρὸς
1036 1921 1073 1990 τὸ
1099 1928 1161 1989 ΓΖ

140 2030 245 2118 λόγον
278 2035 344 2119 ἔχει
366 2056 427 2100 νον
451 2037 671 2119 συγκείμενον
694 2035 730 2101 ἐκ
753 2037 821 2102 τῶν
844 2028 1007 2122 πλευρῶν.

210 2135 309 2205 T6’'
287 2164 353 2226 αρα
384 2137 548 2266 ἰσογώνια
571 2139 903 2227 παραλληλόγραμμα
925 2136 1028 2227 πρὸς
1034 2133 1162 2220 ἄλληλα

139 2243 244 2330 λόγον
272 2248 338 2331 ἔχει
365 2243 426 2312 τὸν
457 2253 677 2332 συγκείμενον
711 2247 746 2313 ἐκ
778 2249 846 2312 τῶν
877 2241 1098 2332 αλευρῶν,“
1080 2265 1162 2328 οπερ

90 2378 125 2428 20
145 2355 212 2418 ἔδει
236 2352 349 2432 ὃελξαι

613 2473 677 2542 κδ’.
1080 2468 1104 2561 ’χ

207 2597 362 2678 Παντὸς
381 2600 800 2686 παραλληλογράμμου
818 2597 863 2666 τὰ
883 2601 970 2686 περὶ
985 2599 1096 2686 τὴνὸ
1124 2594 1165 2663 6·

140 2731 285 2793 μενρον
322 2702 773 2792 παραλληλόγραμμα“
754 2704 873 2792 ομοιά
911 2708 992 2774 ἐστι
1034 2711 1084 2798 τῷ

141 2812 219 2902 ὅλῳ
243 2811 307 2878 καὶ
331 2809 528 2897 ἀλλήλοις.
854 2838 856 2842 ·

86 2951 121 3001 25
199 2915 307 2985 Ἔστω
331 2916 734 3006 παραλληλόγραμμον
701 2945 739 2987 το
759 2925 909 3005 ΑΒΓΔ,
929 2870 1167 3029 6262190366

141 3022 248 3092 αὐτοῦ
266 3021 287 3111 6
306 3020 382 3110 AF,
405 3024 481 3111 περὶ
502 3022 592 3091 δὲ
557 3050 619 3111 την
637 3031 707 3094 AF
722 3024 1052 3114 παραλληλόγραμμα
1076 3030 1165 3099 ἔστω

140 3158 181 3199 τα
196 3137 276 3218 ΕΗ
292 3138 370 3199 ΘΚ
385 3130 519 3218 λέγω,”
498 3155 551 3198 οτι
566 3157 722 3219 εκανερον
737 3158 805 3200 ταν
819 3139 900 3217 ΕΗ
914 3137 982 3198 ΘΚ
993 3113 1166 3233 manv}

141 3235 389 3325 λογροίμμων“
371 3236 491 3324 ομοιόν
515 3238 583 3305 ἐστι
607 3235 679 3329 ὅλῳ
698 3264 742 3329 τῳ
728 3241 897 3306 ABFA
920 3237 975 3306 καὶ
994 3236 1164 3339 ἀλλήλοιρὶ

1131 2806 1145 2840 X

214 3457 238 3503 1.
256 3445 321 3532 α’ν]
346 3468 383 3504 m.
404 3449 470 3504 21⁴².
562 3455 587 3503 λ.
609 3450 683 3522 ΓΗ]
706 3450 840 3506 mutat.¹
832 3468 863 3504 m
887 3452 996 3505 ΓΘΒ
1087 3339 1218 3596 166(

142 3519 270 3578 mumtss
261 3537 291 3574 m
312 3521 418 3574 ΓΗΒ.
493 3526 517 3574 3.
536 3515 572 3591 6]
593 3538 646 3575 om
666 3539 693 3591 p.
771 3516 834 3593 τήν]
855 3539 908 3578 om.
928 3523 1009 3593 BFp.
1084 3498 1200 3603 FHK,⁸
