2446 3938
120 134 163 199 22
322 203 325 207 ,
502 98 703 190 worm
722 134 757 192 ε’.

118 280 156 349 τὸ
186 288 256 348 ΗΒ
284 283 346 349 τοῦ
373 286 418 364 Ε,
458 279 747 348 τοσαυταπλάσιον
780 285 875 350 ἔσταιγ
907 283 964 349 καί
995 280 1032 350 τὸ
1061 289 1132 349 ΘΔ

85 437 88 442 -
120 391 181 456 τοῦ
197 395 232 454 Ζ.

186 489 265 561 Ἐάν
284 491 351 582 άροι
370 492 433 562 δύο
453 495 578 581 μεγέθη
599 493 663 562 δύο
683 500 837 580 μεγεθῶν
853 494 961 576 ἰσάκις
976 487 997 582 ᾗ
1012 503 1134 562 πολλα-

121 599 260 685 πλάσια,
293 601 348 668 καί
381 597 609 688 ἀφαιρεθέντα
639 599 715 670 τινά
742 606 810 670 πάν
838 604 952 671 αὐτῶν
981 593 1133 690 ἰσάκιςῇ

86 717 102 766 ὅ
121 706 367 794 πολλαπλάσια,
391 709 447 775 καὶ
469 707 510 776 τά
534 706 634 776 λοιπά
653 722 723 787 τοῖς
742 706 857 788 αὐτοῖς
874 708 948 797 ἤτοι
968 718 1025 776 ἰσα
1044 709 1135 777 έστίν

124 810 145 901 ἢ
170 813 280 895 ἰσάκις
302 812 417 884 αὐτῶν
440 813 686 883 πολλαπλάσια·
711 813 792 901 ὅπερ
816 819 884 882 ἔδει
909 816 1022 896 δεῖξαι.

193 1135 246 1204 Τά
278 1144 343 1205 ἰσα
375 1136 472 1225 πρὸς
503 1136 545 1206 τὸ
579 1135 674 1206 αὐτὸ
704 1139 773 1206 τὸν
807 1135 931 1206 αὐτὸν
964 1142 1043 1224 ἔχει
1072 1136 1136 1205 λό·

122 1269 194 1330 γον
217 1243 282 1310 καὶ
305 1241 347 1311 τὸ
371 1241 467 1312 αὐτὸ
490 1242 587 1333 πρὸς
608 1244 653 1312 τά
678 1228 815 1332 ἴσαῆ

72 1361 105 1410 10
182 1350 291 1418 Ἔστω
316 1359 372 1418 ἴσα
395 1352 521 1438 μεγέθη
545 1350 585 1420 πά
600 1361 642 1437 A,
657 1359 701 1438 Β,
726 1350 808 1421 άλλο
833 1351 935 1438 δέτι,
964 1345 982 1419 3
1012 1355 1137 1436 ἔπνχεν,

124 1457 268 1543 μέγεθος
289 1454 326 1524 τὸ
352 1463 393 1524 Γ·
416 1459 513 1544 λέγω,
536 1455 589 1526 ὅτι
613 1457 770 1545 ἑκάτερον
792 1463 861 1527 τάν
881 1465 967 1544 Α,Β
992 1455 1075 1546 πρὸς
1098 1454 1136 1525 τὸ

45 1570 49 1577 ’
123 1569 156 1632 Γ
183 1561 243 1631 τὸν
275 1561 381 1631 αὐτὸν
412 1568 478 1650 ἔχει
510 1563 631 1650 λόγον,
663 1566 719 1632 καὶ
746 1563 784 1634 τὸ
813 1570 846 1632 Γ
868 1562 951 1652 πρὸς
979 1565 1137 1653 ἑκάτερον

123 1673 191 1738 τῶν
215 1679 256 1755 A,
271 1677 309 1737 Β.

191 1775 359 1864 Εἰλήφθω
383 1774 448 1862 γάρ
471 1780 539 1845 πάν
567 1776 628 1863 μὲν
652 1787 684 1845 Α
692 1784 744 1862 ,Β
769 1776 878 1856 ἰσάκις
906 1777 1139 1846 πολλαπλάσια

73 1897 106 1946 15
123 1881 165 1952 τά
185 1890 228 1968 Δ,
244 1887 358 1968 Ε,ποῦ
382 1881 420 1950 δὲ
438 1888 471 1950 Γ
484 1881 578 1970 άλλο,
598 1879 617 1952 3
637 1887 762 1971 ἔτυχεν,
781 1883 1033 1952 πολλαπλάσιον
1050 1882 1087 1952 τὸ
1104 1892 1140 1952 Ζ.

189 1988 280 2058 Ἐπεὶ
308 1982 372 2059 οὖν
400 1985 509 2072 ἰσάκις
537 1991 606 2059 ἐστὶ
629 1989 881 2064 πολλαπλάσιον
904 1988 942 2060 τὸ
967 1999 1000 2057 Δ
1022 1995 1084 2058 τοῦ
1107 2001 1140 2058 Α

126 2098 182 2166 καὶ
204 2095 242 2166 τὸ
268 2105 300 2165 E
320 2101 380 2166 τοῦ
404 2105 445 2185 Β,
469 2106 545 2167 ἴσον
569 2097 607 2166 δὲ
629 2097 667 2166 τὸ
693 2107 725 2164 A
747 2101 793 2189 τῷ
818 2105 861 2182 Β,
891 2105 967 2165 ἰσον
995 2095 1061 2184 άρα
1083 2099 1140 2165 καὶ

125 2204 163 2274 τὸ
198 2213 231 2274 Δ
263 2209 308 2299 τῷ
342 2213 380 2273 Ε.
435 2204 518 2274 άλλο
552 2206 604 2290 δέ,
642 2202 662 2272 ὅ
690 2208 816 2290 ἔτυχεν,
847 2202 886 2271 τὸ
917 2212 952 2272 Ζ.
1003 2208 1047 2272 Εἰ
1074 2203 1140 2291 άρα

125 2309 279 2400 ὑπερέχει
302 2311 339 2380 τὸ
366 2320 399 2378 Δ
420 2315 483 2379 τοῦ
504 2319 542 2396 Ζ,
565 2307 717 2396 ὑπερέχει
740 2310 795 2376 καὶ
818 2309 855 2378 πὸ
880 2318 912 2378 E
932 2315 994 2380 τοῦ
1018 2311 1141 2396 Ζ,ααί

74 2428 108 2478 20
128 2422 159 2488 εἰ
181 2427 268 2503 ἴσον,
293 2421 380 2503 ἴσον,
403 2417 459 2484 καὶ
483 2421 514 2484 εἰ
541 2419 694 2501 ἔλαττον,
724 2420 871 2486 έλαττον.
920 2423 979 2485 καί
1003 2420 1073 2486 ἐστι
1101 2417 1141 2484 τὰ

127 2525 188 2611 μὲν
204 2533 247 2610 Δ,
263 2533 294 2592 Ε
305 2528 373 2594 πάν
393 2530 479 2609 Α,Β
503 2520 611 2601 ἰσάκις
629 2523 877 2610 πολλαπλάσια,
900 2523 938 2592 τὸ
963 2523 1000 2592 δὲ
1025 2532 1052 2592 Ζ
1079 2529 1140 2593 τοῦ

128 2637 160 2699 Γ
174 2629 268 2716 άλλο,
293 2627 311 2698 3
333 2635 459 2715 ἔτυχεν,
482 2629 746 2699 πολλαπλάσιον
777 2636 867 2699 ἔστιν
890 2629 956 2719 άρα
980 2628 1024 2711 ὡς
1047 2629 1085 2699 τὸ
1109 2641 1142 2699 A

43 2714 61 2742 χ
130 2734 213 2823 πρὸς
235 2735 273 2804 τὸ
298 2742 345 2822 Γ,
365 2733 472 2815 οὕτως
493 2734 531 2804 τὸ
556 2743 584 2803 Β
608 2735 691 2823 πρὸς
713 2736 750 2805 τὸ
775 2743 812 2806 Γ.

195 2843 291 2929 Λέγω
316 2842 404 2930 [ὃή],
428 2839 480 2912 ὅτι
505 2843 561 2911 καὶ
580 2841 617 2911 πὸ
637 2850 669 2910 Ε
685 2843 768 2931 πρὸς
787 2843 945 2932 ἑκάτερον
963 2849 1031 2914 τάν
1051 2853 1093 2930 A,
1113 2852 1141 2912 Β

76 2967 109 3016 25
129 2948 190 3018 τὸν
213 2947 319 3019 αὐτὸν
342 2953 406 3036 ἔχει
431 2949 544 3036 λόγον.

201 3207 225 3258 5.
245 3200 294 3256 κοιλ
312 3197 359 3273 τά]
378 3197 413 3255 τά
432 3201 463 3256 in
476 3206 528 3254 τοι.
547 3201 577 3254 P.
651 3196 739 3270 ἐστίν]
760 3216 830 3254 corr.
849 3214 883 3252 ex
902 3195 980 3253 ἔσται
998 3218 1024 3269 p.
1100 3205 1142 3254 10.

130 3267 160 3346 ά]
189 3290 273 3343 supra
301 3291 337 3327 m.
364 3279 380 3327 2
404 3272 435 3326 F.
478 3270 558 3341 ἔτνχε
577 3270 634 3340 Vp.
728 3275 769 3325 14.
795 3267 859 3339 μέν]
889 3268 952 3336 PF3
977 3287 1031 3325 om.
1055 3269 1141 3339 BVp.

166 3350 208 3399 15.
233 3339 262 3416 3]
286 3360 372 3414 supra
393 3361 429 3398 m.
454 3349 469 3397 2
493 3344 524 3397 F.
550 3339 630 3412 ἔινχε
654 3339 712 3412 Vp.
805 3347 846 3396 16.
869 3336 915 3411 τό]
934 3342 991 3395 ,τοῦ
1014 3360 1051 3395 m.
1076 3341 1141 3396 21³.

129 3415 194 3486 τοῦ]
218 3433 287 3471 corr.
311 3432 345 3471 ex
370 3411 401 3470 τό
424 3416 455 3471 Ρ.
547 3419 589 3470 18.
613 3407 642 3484 ὅ]
665 3431 702 3467 m.
727 3418 742 3466 2
766 3409 795 3468 F.
838 3409 918 3481 ἔπαγε
942 3411 1004 3483 Vp,
1033 3414 1143 3482 etseq.

129 3502 183 3541 ras.
204 3488 288 3544 llitt.
303 3488 332 3542 F.
406 3492 448 3541 20.
468 3486 533 3556 καί]
554 3502 644 3555 comp.
663 3483 699 3553 F,
722 3483 787 3538 dein
806 3482 868 3537 add.
888 3485 941 3537 καί
956 3504 986 3552 φ,
1059 3479 1107 3554 τά]
1128 3501 1144 3538 e
