2446 3938
347 189 621 243 summarorium
638 192 748 242 umus
765 191 811 243 rx,
1025 187 1090 252 395

522 369 639 436 XXIV.

142 493 176 560 Si
196 519 215 560 a
233 496 368 560 numero
386 495 459 579 pari
476 516 538 578 par
552 493 766 579 subtrahitur,
783 493 926 578 reliquus
941 515 1001 576 par
1016 493 1088 558 erit.

140 601 225 668 Nam
245 625 264 666 a
283 603 355 686 pari
372 623 505 666 numero
521 604 587 665 AB
605 622 666 684 par
686 599 898 665 subtrahatur
911 603 982 664 ΒΓ.
1007 599 1087 684 dicu,

74 709 233 794 reliquum
256 711 317 774 ΓΑ
339 729 451 791 parem
475 729 554 772 esse.

435 851 458 900 A
584 849 611 900 Γ
698 812 723 898 Β

435 934 715 971 ι---ι--ι

140 1067 218 1110 nam
242 1045 394 1129 quoniam
408 1049 474 1110 AB
496 1067 557 1129 par
576 1047 635 1128 est,
656 1048 783 1128 partem
803 1046 970 1110 dimidiam
988 1044 1088 1109 habat

76 1151 154 1231 [VII
179 1150 239 1216 def.
264 1152 307 1232 6].
353 1151 464 1216 eadem
493 1151 532 1216 de
560 1173 658 1216 causa
686 1151 784 1216 etiarn
808 1155 874 1218 ΒΓ
892 1154 1018 1234 partem
1043 1150 1087 1214 di-

75 1257 208 1321 midiam
225 1257 335 1322 habet.
371 1279 447 1344 ergo
472 1258 570 1323 etiam
589 1258 732 1343 reliquus
747 1260 817 1322 ΑΓ
834 1279 894 1342 par
915 1260 976 1340 est3
1003 1257 1087 1340 quod

75 1367 144 1428 erat
167 1363 461 1430 demonstrandum.

532 1522 634 1589 XXV.

142 1647 177 1712 Si
201 1671 220 1712 a
242 1670 373 1714 numero
397 1649 468 1733 pari
491 1649 596 1732 impar
620 1646 836 1733 subtrahitur,
864 1647 1006 1733 reliquus
1030 1647 1088 1711 im-

74 1775 134 1837 par
158 1754 228 1819 erit.

140 1858 225 1924 Nam
258 1882 277 1923 a
305 1860 376 1944 pari
404 1879 538 1924 numero
560 1863 625 1924 AB
652 1859 759 1942 impar
783 1859 994 1924 subtrahatur
1016 1862 1088 1925 ΒΓ.

73 1967 154 2050 dieu,
176 1965 338 2050 reliquum
361 1966 422 2028 ΓΑ
445 1964 603 2048 imparem
627 1985 707 2030 esse.

393 2121 749 2158 1-——1--1———t

393 2180 415 2228 A
565 2178 591 2228 Γ
624 2180 650 2228 Δ
740 2179 762 2228 Β

141 2303 352 2368 subtrahatur
379 2302 464 2366 enim
493 2324 512 2365 a
539 2302 608 2365 ΒΓ
631 2301 739 2365 unitas
767 2303 838 2365 ΓΛ.
884 2299 992 2386 itaque
1021 2304 1088 2365 AB

73 2431 133 2493 par
157 2413 208 2474 est
227 2408 303 2490 [VII
319 2407 380 2474 def.
397 2409 439 2489 Π.
471 2429 584 2471 uarum
609 2407 707 2472 etiam
725 2410 791 2472 AB
815 2429 874 2492 par
898 2411 957 2474 est.
990 2429 1088 2492 quare

74 2516 173 2580 etiam
200 2514 342 2600 reliquus
365 2519 436 2579 ΑΔ
462 2517 596 2598 pareat
620 2515 723 2598 [prop.
742 2513 877 2594 XXIV]⁸
924 2517 957 2578 et
979 2515 1087 2579 unitas

75 2626 124 2686 est
147 2624 218 2687 ΓΔ.
263 2642 341 2707 ergo
363 2624 424 2686 ΓΑ
447 2621 552 2705 impar
576 2623 626 2685 est
650 2619 727 2701 [VII
751 2619 812 2686 def.
837 2621 883 2704 7];
907 2621 993 2706 quod
1018 2625 1088 2686 erat
1195 2669 1213 2701 .

74 2727 371 2794 demonstrandum.

521 2868 640 2934 XXVI.

143 2992 177 3058 Si
210 3017 229 3058 a
256 3015 390 3058 numero
418 2993 536 3079 impari
563 2993 669 3076 impar
697 2992 913 3077 subtrahitur,
945 2994 1087 3078 reliquus

73 3124 133 3186 par
156 3101 226 3166 erit.

410 3221 732 3259 1———1--1—-1

410 3280 742 3330 ΑΓΔΒ

141 3403 227 3468 Nam
260 3402 301 3467 ab
334 3402 451 3486 impari
482 3424 617 3469 numero
646 3407 712 3468 AB
744 3403 850 3488 impar
877 3400 1090 3467 subtrahatur

73 3512 142 3574 ΒΓ.
180 3508 260 3594 diuo,
282 3509 442 3592 reliquum
465 3511 526 3574 ΓΑ
548 3531 661 3594 parem
685 3531 765 3575 esse.
