2446 3938
153 202 219 267 294
531 203 732 255 Στοιωεῐοω
752 198 791 270 η’.

152 348 252 411 είσίν·
275 344 331 410 καλ
355 346 390 411 ολ
411 352 454 429 A,
474 348 512 429 Γ,
532 352 576 428 A,
594 350 623 410 Β
643 343 709 429 ἄρα
731 357 801 423 τοῖς
824 352 864 427 Β,
884 351 934 429 M,
953 351 998 427 N,
1018 351 1046 410 Ζ
1067 347 1107 412 ἐν
1125 348 1171 436 τῷ

152 447 242 539 αὐτῷ
271 448 361 540 λόγῳ
389 453 485 517 εἰσίν.
532 452 567 516 οί
589 448 625 516 δὲ
648 457 696 534 Α,
715 455 757 533 Γ,
778 457 825 534 A,
845 456 874 516 Β
898 450 972 534 ἑξῆς
994 446 1173 536 ἀνάλογόν

153 560 251 624 είσιν·
279 556 335 622 καὶ
364 558 399 623 οί
420 563 464 639 Β,
485 562 539 639 Μ,
557 563 608 640 Ν,
628 563 655 622 Ζ
678 554 744 641 ἄρα
768 556 842 642 ἑξής
870 551 1043 640 ἀνάλογόν
1074 561 1173 624 είσιν.

152 660 227 729 ὅσοι
250 660 317 748 ἄρα
340 666 387 741 είς
409 660 489 740 τοὺς
511 669 554 747 A,
573 668 602 728 Β
625 659 747 748 μεταξὺ
769 661 852 728 κατὰ
871 660 909 729 τὸ
929 660 1069 748 συνεχὲς
1089 660 1173 730 ἄνολ-

117 777 256 854 ῠλογον
285 767 537 854 ἐμπεπτώκασιν
565 766 722 854 ἀριθμοί,
754 772 910 835 τοσοῦτοι
937 768 993 834 καὶ
1017 772 1068 848 είς
1091 768 1175 850 τοὺς

150 881 189 960 Β,
209 880 236 939 Ζ
259 871 381 959 μεταξὺ
402 871 485 940 κατὰ
508 871 547 940 τὸ
572 872 707 960 συνεχὲς
726 870 896 959 ἀνάλογον
915 873 1173 960 ἐμπεπτώκασιν

55 1024 58 1029 -
150 977 306 1065 ἀριθμοί·
330 976 411 1060 ὅπερ
436 981 503 1045 ἔδει
527 978 641 1058 δεῖξαι.

634 1172 683 1239 θ’.

213 1295 301 1363 Ἐὰν
335 1295 407 1363 δύο
443 1293 612 1383 ἀριθμοὶ
648 1300 796 1383 πρώτοι
832 1297 930 1385 πρὸς
966 1296 1175 1386 ἀλλήλους

97 1419 132 1469 10
150 1395 263 1487 ώσιν,
292 1402 359 1468 καλ
386 1405 442 1481 είς
465 1399 612 1481 αὐτούς
638 1401 782 1488 μεταξὺ
811 1402 907 1471 κατὰ
931 1402 973 1472 τὸ
998 1406 1175 1494 συνεχὲς

150 1506 352 1593 ἀνάλογον
389 1508 632 1593 ἐμπίπτωσιν
665 1505 849 1596 ἀριθμοί,
883 1506 971 1576 ὅσοι
1005 1515 1067 1590 είς
1102 1511 1174 1581 αὐ-

149 1613 240 1694 τοὺς
277 1611 419 1700 μεταξὺ
456 1612 552 1680 κατὰ
588 1612 630 1681 τὸ
668 1614 833 1702 συνεχὲς
865 1613 1071 1702 ἀνάλογον
1107 1620 1176 1705 ἐμ-

149 1724 365 1787 πίπτουσιν
388 1717 572 1807 ἆριθμοί,
594 1723 782 1790 τοσοῦτοι
804 1722 869 1788 καὶ
888 1723 1082 1810 ἑκατέρου
1102 1723 1177 1793 αὐ-

149 1829 226 1892 τών
249 1826 313 1892 καλ
337 1826 511 1912 μονάδος
533 1825 678 1913 μεταξὺ
702 1826 798 1894 κατὰ
822 1827 864 1896 τὸ
889 1828 1053 1916 συνεχὲς
1074 1828 1176 1898 ἀνώ-

98 1946 130 1996 15
149 1938 270 2018 λογον
294 1934 570 2019 ἐμπεσοῦνται.

206 2035 383 2107 Ἔστωσαν
411 2037 475 2106 δύο
503 2035 644 2125 ἀριθμοί
671 2042 798 2125 πρώτοι
825 2039 909 2127 πρὸς
936 2039 1109 2127 ἀλλήλους
1140 2049 1178 2113 οί

150 2153 181 2211 Α
188 2196 197 2230 ,
216 2151 261 2229 Β,
290 2144 346 2212 καί
374 2148 422 2222 είς
450 2139 572 2222 αὐτοὺς
599 2142 722 2230 μεταξὺ
747 2144 831 2212 κατὰ
859 2143 898 2213 τὸ
923 2145 1061 2233 συνεχὲς
1086 2147 1175 2218 ἄνολ-

149 2258 252 2336 λογον
277 2249 528 2336 ἐμπιπτέτωσαν
552 2252 587 2315 οί
608 2255 651 2334 Γ,
671 2258 720 2335 A,
743 2250 800 2316 καὶ
824 2252 985 2319 ἐκκείσθω
1009 2248 1029 2336 ἡ
1056 2260 1090 2319 Ε
1111 2282 1176 2341 μο-

148 2355 223 2436 νάς·
254 2357 356 2441 λέγω,
384 2352 436 2422 ὅτι
464 2354 539 2422 ὅσοι
567 2359 614 2434 είς
640 2354 720 2434 τοὺς
747 2362 841 2440 Α,Β
869 2355 990 2442 μεταξὺ
1018 2359 1106 2426 κατὰ
1133 2361 1175 2430 τὸ

95 2479 130 2529 20
149 2460 285 2548 συνεχὲς
317 2457 487 2546 ἀνάλογον
524 2460 776 2547 ἐμπεπτώκασιν
812 2459 958 2549 ἀριθμοί
963 2514 972 2548 ,
1009 2469 1176 2536 τοσοῦτοι

148 2568 205 2635 καὶ
227 2568 386 2655 ἑκατέρου
408 2571 477 2634 τών
499 2575 543 2653 Α,
562 2575 591 2635 Β
613 2568 746 2653 καὶτῆς
768 2567 917 2654 μονάδος
939 2568 1062 2656 μεταξὺ
1082 2573 1176 2641 κατὰ

147 2671 186 2742 τὸ
210 2672 347 2760 συνεχὲς
370 2671 541 2759 ἀνάλογον
565 2676 797 2760 ἐμπεσοῦνται.

216 2778 450 2865 Εἰλήφθωσαν
481 2779 547 2868 γὰρ
581 2779 643 2847 δύο
671 2779 733 2867 μὲν
761 2778 903 2868 ἀριθμοὶ
931 2780 1101 2867 ἐλάχιστοι
1132 2786 1174 2853 ἐν

148 2889 194 2978 τῷ
217 2890 288 2953 τών
311 2894 353 2970 A,
374 2892 409 2972 Γ,
428 2896 472 2972 A,
492 2893 521 2954 Β
544 2885 634 2974 λόγῳ
658 2884 753 2967 ὄντες
776 2891 811 2955 οί
833 2895 875 2973 Ζ,
895 2895 940 2973 Η,
963 2901 1051 2973 τρεῖς
1075 2889 1115 2956 δὲ
1137 2894 1176 2959 οί

96 3008 130 3059 25
151 2999 190 3077 Θ,
209 2998 253 3076 Κ,
273 2998 315 3078 Λ,
338 2992 394 3058 καὶ
418 2990 470 3060 ἀεὶ
494 2994 569 3079 ἑξής
587 2992 638 3060 ἑνὶ
657 2999 802 3078 πλείους,
826 2996 888 3073 ἕως
906 2990 949 3061 ἂν
969 3003 1045 3062 ίσον
1068 2996 1174 3084 μένη-

148 3125 203 3166 ται
234 3097 272 3167 τὸ
300 3103 431 3186 πλῆθος
458 3097 570 3167 αὐτῶν
597 3103 642 3191 τῷ
671 3098 793 3185 πλήθει
822 3104 892 3168 τών
919 3108 967 3186 A,
990 3106 1032 3186 Γ,
1058 3109 1108 3186 A,
1131 3110 1174 3172 Β.

150 3204 385 3292 εἰλήφθωσαν,
413 3205 468 3272 καλ
497 3209 645 3272 ἔστωσαν
669 3208 704 3273 οἱ
725 3213 779 3292 Μ,
798 3213 849 3292 Ν,
867 3209 910 3293 Ξ,
931 3213 968 3272 0.
1013 3208 1173 3295 φανερὸν

223 3456 246 3504 1.
266 3451 349 3522 είσίν]
370 3469 424 3507 0111.
443 3453 474 3509 P.
547 3453 596 3506 καὶ
615 3451 644 3508 of
656 3484 690 3494 -
705 3458 735 3507 2:
759 3448 831 3525 λόγῳ
856 3450 941 3523 είοίν]
960 3469 1015 3521 mg.
1036 3471 1074 3508 m.
1096 3461 1111 3508 1
1134 3455 1174 3524 V,

149 3536 204 3577 om.
230 3542 260 3591 φ.
334 3521 466 3594 Ιλείων]
491 3522 590 3592 (prius)
615 3522 748 3592 είσιλίφ.
824 3528 864 3577 10.
884 3517 936 3576 ώσι
954 3523 1046 3592 Pth.
1125 3533 1174 3584 11.
