2446 3938
124 157 191 221 360
501 155 702 206 momen
720 148 766 209 ν’.

125 297 225 377 άλλος
257 297 369 376 οὐδεὶς
399 295 503 382 κύβος
535 300 626 362 ἔσται
640 276 760 381 ’χωρὶς
791 297 852 361 τοῦ
881 293 1050 383 τετάρτου
1084 292 1144 363 άπὸ

124 408 182 490 τῆς
205 402 353 489 μονάδος
375 403 431 469 καὶ
454 405 522 469 τῶν
545 400 609 469 δύο
634 398 886 468 διαλειπόντων.

193 514 237 576 El
262 509 327 598 γάρ
356 508 521 593 δυνατόν,
549 512 632 575 ἔστω
661 504 679 574 5
708 516 742 573 A
763 505 875 591 κύβος.
920 511 991 574 ἔστι
1023 506 1146 576 δὲκαὶ

126 610 143 683 5
163 621 195 682 Γ
213 615 329 701 κύβος·
352 615 506 702 τέταρτος
529 612 594 699 γάρ
614 615 704 681 ἐστιν
723 609 787 679 άπὸ
807 615 866 699 τῆς
888 611 1051 699 μονάδος.
1088 619 1148 680 καί

91 723 217 788 οέστιν
245 718 289 800 ὡς
317 717 335 787 5
361 724 393 785 Γ
414 717 499 806 πρὸς
521 717 581 785 τὸν
605 727 653 802 A,
682 717 700 784 5
725 724 754 784 Β
776 714 861 804 πρὸς
882 718 945 786 τὸν
972 726 1017 787 Γ·
1044 720 1103 787 καὶ
1129 717 1147 787 5

125 833 154 893 Β
178 827 242 910 άρα
264 824 348 914 πρὸς
371 823 430 892 τὸν
454 829 487 891 Γ
505 822 607 910 λόγον
631 828 708 911 ἔχει,
732 819 772 891 ὃν
795 822 899 909 κύβος
921 821 1007 911 πρὸς
1025 824 1147 912 κύβον.

125 937 184 998 καί
205 934 295 999 ἐστιν
319 929 337 998 5
361 936 393 997 Γ
411 928 525 1016 κύβος·
562 930 617 996 καὶ
641 927 659 996 5
683 937 711 997 Β
734 929 800 1016 άρα
822 927 927 1014 κύβος
951 930 1053 997 ἐστίν.
1087 930 1147 998 καὶ

127 1042 199 1105 ἐπεί
224 1040 314 1105 ἐστιν
343 1035 387 1118 ὡς
414 1033 435 1123 ἡ
464 1035 568 1123 μονὰς
595 1034 678 1122 πρὸς
705 1034 765 1103 τὸν
788 1044 835 1121 A,
864 1031 883 1102 5
907 1043 938 1102 A
967 1033 1056 1119 πρὸς
1082 1034 1149 1104 τὸν

125 1150 170 1228 Β,
195 1141 215 1230 ἡ
239 1144 277 1211 δὲ
300 1144 409 1231 μονάς
431 1142 491 1211 τὸν
515 1152 547 1210 Α
569 1155 682 1230 μετρεῖ
702 1139 784 1209 κατά
806 1139 865 1220 τάς
894 1143 931 1209 ἐν
959 1137 1055 1233 αύτῷ
1084 1169 1148 1229 μο-

74 1268 107 1316 10
125 1248 248 1336 νάδας,
275 1251 331 1318 καὶ
360 1247 378 1318 5
407 1259 439 1317 A
466 1250 532 1337 άρα
560 1247 620 1316 τὸν
643 1256 672 1315 Β
696 1262 809 1336 μετρεῖ
830 1247 912 1316 κατά
935 1245 995 1327 τὰς
1019 1249 1060 1315 ἐν
1085 1246 1149 1317 αὑ-

124 1359 171 1448 τῷ
195 1355 358 1442 μονάδας·
383 1353 400 1422 5
425 1364 457 1423 A
480 1353 546 1441 άρα
570 1352 692 1422 ἑαυτὸν
715 1352 1010 1433 πολλαπλασιάσας
1035 1353 1148 1442 κύβον

124 1460 185 1529 τὸν
217 1469 246 1528 Β
278 1466 465 1547 πεποίηκεν.
511 1460 571 1527 ἐάν
608 1459 646 1527 δὲ
680 1459 826 1549 ἀριθμὸς
858 1458 981 1528 ἑαυτὸν
1017 1468 1149 1529 πολλα-

124 1567 310 1646 πλασιάσας
327 1566 434 1651 κύβον
453 1571 544 1655 ποιῇ,
566 1567 623 1634 καὶ
646 1565 747 1647 αὐτὸς
769 1566 872 1652 κύβος
895 1569 996 1634 ἔσται.
1035 1566 1147 1654 κύβος

125 1670 191 1759 άρα
218 1671 274 1738 καὶ
307 1669 324 1739 5
359 1682 402 1739 A·
435 1670 517 1760 ὅπερ
545 1671 608 1761 ούχ
640 1671 822 1741 ὑπόκειται.
869 1669 932 1740 ούκ
959 1669 1027 1759 άρα
1059 1671 1078 1741 5
1110 1683 1147 1742 A

73 1796 106 1844 15
125 1777 228 1865 κύβος
260 1780 359 1848 ἐστίν.
407 1778 529 1867 ὁμοίως
562 1779 604 1867 δὴ
639 1782 807 1867 δείξομεν,
840 1776 892 1846 ὅτι
925 1774 1001 1845 οὐδ’
1039 1777 1150 1862 ἄλλος

127 1882 239 1965 ούδελς
261 1884 365 1971 κύβος
389 1886 457 1953 ἐστὶ
480 1887 581 1973 χωρὶς
603 1889 665 1955 τοῦ
688 1884 846 1972 τετάρτου
869 1882 935 1953 άπὸ
958 1888 1017 1972 τῆς
1037 1888 1149 1973 μονά-

127 1997 186 2073 δος
208 1993 264 2061 καὶ
287 1997 355 2060 τῶν
380 1992 444 2061 δύο
469 1995 725 2061 διαλειπόντων·
751 1989 831 2079 ὅπερ
856 1996 924 2060 ἔδει
948 1993 1069 2073 δεῖξαι.

604 2196 660 2236 ια.

191 2274 278 2343 Ἐάν
302 2274 378 2342 άπὸ
402 2274 577 2361 μονάδος
606 2272 825 2342 ὁποσοιοῦν
853 2272 1025 2360 ἀριθμοὶ
1055 2277 1150 2364 ἑξῆς

72 2398 108 2448 20
126 2379 331 2467 ἀνάλογον
355 2373 471 2464 οἶσιν,
495 2377 514 2447 5
538 2379 710 2448 ἐλάττων
729 2378 799 2448 τὸν
823 2384 985 2465 μείζονα
1009 2398 1153 2470 μετρεῖ

126 2486 222 2554 κατά
250 2514 339 2554 τινα
366 2490 443 2555 τῶν
471 2484 733 2574 ὑπαρχόντων
757 2488 798 2553 ἐν
825 2498 910 2564 τοϊς
938 2483 1149 2574 άνάλογον

127 2592 325 2681 άριδμοῖς.

184 2699 358 2769 Ἔστωσαν
391 2698 457 2768 άπὸ
494 2698 642 2786 μονάδος
673 2701 732 2784 τῆς
760 2707 792 2765 Α
825 2695 1014 2766 ὁποσοιοῦν
1044 2697 1147 2788 άριθ-

126 2806 183 2891 μοὶ
208 2807 282 2892 ἑξῆς
304 2804 475 2891 άνάλονον
499 2808 535 2872 οἱ
555 2812 599 2890 Β,
618 2811 661 2889 Γ,
682 2813 726 2889 Δ,
745 2811 786 2871 Ε·
810 2807 907 2891 λέγω,
935 2802 1080 2873 ὅτιτῶν
1105 2815 1149 2892 Β,

74 2930 108 2980 25
126 2917 170 2996 Γ,
191 2919 239 2997 A,
265 2918 296 2977 E
322 2909 340 2980 5
369 2911 538 3000 ἐλάχιστος
566 2909 584 2978 5
613 2918 641 2978 Β
670 2910 731 2978 τὸν
755 2917 786 2976 Ε
807 2924 920 2997 μετρεῖ
950 2909 1033 2978 κατά
1066 2940 1147 2980 τινα

126 3023 196 3088 τάν
219 3023 262 3102 Γ,
282 3027 324 3086 A.

191 3124 280 3193 Ἐπεὶ
306 3126 370 3214 γάρ
400 3126 490 3191 ἐστιν
519 3120 563 3203 ὡς
590 3119 610 3209 ἡ
636 3132 667 3190 A
694 3120 801 3209 μονάς
823 3120 907 3209 πρὸς
931 3120 992 3191 τὸν
1015 3129 1059 3208 Β,
1085 3122 1146 3192 ού-

126 3260 191 3311 τως
214 3230 232 3300 5
258 3240 291 3299 A
313 3229 398 3320 πρὸς
420 3229 479 3298 τὸν
504 3238 548 3316 Ε,
573 3228 682 3309 ἰσάκις
705 3227 770 3317 άρα
794 3225 815 3314 ἡ
839 3238 871 3296 Α
898 3226 1007 3315 μονάς
1028 3226 1091 3297 τὸν
1115 3238 1146 3298 Β

199 3414 224 3460 3.
245 3405 320 3477 ἔστι]
340 3429 362 3462 -ι
380 3402 411 3462 in¹
429 3425 483 3462 ras.
503 3408 542 3475 V,
563 3406 638 3462 ἔστιν
657 3408 687 3461 Ρ.
750 3412 775 3461 ὁ.
794 3401 857 3477 τόν]
875 3406 920 3460 bis
939 3423 993 3460 om.
1011 3405 1043 3460 B.
1102 3408 1145 3479 Γ]

128 3478 200 3546 (alt.)
219 3495 303 3546 supra
321 3499 351 3547 φ.
427 3485 451 3533 6.
471 3475 540 3550 ἄρα]
561 3496 646 3547 supra
663 3497 699 3532 m.
722 3486 734 3532 1
755 3479 785 3532 Ρ.
860 3483 883 3532 7.
904 3471 966 3531 ἐστί
982 3477 1042 3545 th.
1120 3485 1146 3536 8.
