<?xml version="1.0" encoding="UTF-8"?>
<!DOCTYPE html PUBLIC "-//W3C//DTD XHTML 1.0 Transitional//EN"
    "http://www.w3.org/TR/xhtml1/DTD/xhtml1-transitional.dtd">
<html xmlns="http://www.w3.org/1999/xhtml" xml:lang="en" lang="en">
 <head>
  <title>
</title>
<meta http-equiv="Content-Type" content="text/html;charset=utf-8" />
  <meta name='ocr-system' content='tesseract 3.04.00' />
  <meta name='ocr-capabilities' content='ocr_page ocr_carea ocr_par ocr_line ocrx_word'/>
</head>
<body>
  <div class='ocr_page' id='page_1' title='image "./euclidisoperaom19unkngoog_0253.png"; bbox 0 0 2446 3938; ppageno 0'>
   <div class='ocr_carea' id='block_1_1' title="bbox 141 186 774 254">
    <p class='ocr_par' dir='ltr' id='par_1_1' title="bbox 141 186 774 254">
     <span class='ocr_line' id='line_1_1' title="bbox 141 186 774 254; baseline -0.013 -1"><span class='ocrx_word' id='word_1_1' title='bbox 141 188 207 253; x_wconf 88' lang='grc'><em>222</em></span> <span class='ocrx_word' id='word_1_2' title='bbox 517 188 720 242; x_wconf 65' lang='lat' dir='ltr'><em>mommsen</em></span> <span class='ocrx_word' id='word_1_3' title='bbox 739 186 774 254; x_wconf 72' lang='grc' dir='ltr'><em>ε’.</em></span> 
     </span>
    </p>
   </div>
   <div class='ocr_carea' id='block_1_2' title="bbox 101 328 1163 1160">
    <p class='ocr_par' dir='ltr' id='par_1_2' title="bbox 138 328 1163 736">
     <span class='ocr_line' id='line_1_2' title="bbox 139 328 1163 417; baseline -0.002 -19"><span class='ocrx_word' id='word_1_4' title='bbox 139 334 207 399; x_wconf 78' lang='grc' dir='ltr'><em>τῶν</em></span> <span class='ocrx_word' id='word_1_5' title='bbox 231 328 430 417; x_wconf 78' lang='grc' dir='ltr'><em>ἡγουμένων</em></span> <span class='ocrx_word' id='word_1_6' title='bbox 453 328 538 417; x_wconf 82' lang='grc' dir='ltr'><em>πρὸς</em></span> <span class='ocrx_word' id='word_1_7' title='bbox 556 329 617 398; x_wconf 79' lang='grc' dir='ltr'><em>ἕνα</em></span> <span class='ocrx_word' id='word_1_8' title='bbox 635 333 704 397; x_wconf 77' lang='grc' dir='ltr'><em>τῶν</em></span> <span class='ocrx_word' id='word_1_9' title='bbox 723 328 907 416; x_wconf 79' lang='grc' dir='ltr'><em>ἑπομένων,</em></span> <span class='ocrx_word' id='word_1_10' title='bbox 931 328 1038 409; x_wconf 80' lang='grc' dir='ltr'><em>οὕτως</em></span> <span class='ocrx_word' id='word_1_11' title='bbox 1056 328 1163 396; x_wconf 88' lang='grc' dir='ltr'><em>άπαν-</em></span> 
     </span>
     <span class='ocr_line' id='line_1_3' title="bbox 138 432 1162 524; baseline 0.001 -21"><span class='ocrx_word' id='word_1_12' title='bbox 138 462 191 516; x_wconf 89' lang='grc' dir='ltr'><em>τες</em></span> <span class='ocrx_word' id='word_1_13' title='bbox 215 439 250 504; x_wconf 85' lang='grc' dir='ltr'><em>οἰ</em></span> <span class='ocrx_word' id='word_1_14' title='bbox 271 433 455 523; x_wconf 74' lang='grc' dir='ltr'><em>ἡγούμενοι</em></span> <span class='ocrx_word' id='word_1_15' title='bbox 473 432 557 524; x_wconf 87' lang='grc' dir='ltr'><em>πρὸς</em></span> <span class='ocrx_word' id='word_1_16' title='bbox 576 432 724 516; x_wconf 78' lang='grc' dir='ltr'><em>ἅπαντας</em></span> <span class='ocrx_word' id='word_1_17' title='bbox 741 433 821 515; x_wconf 83' lang='grc' dir='ltr'><em>τοὺς</em></span> <span class='ocrx_word' id='word_1_18' title='bbox 840 435 1036 521; x_wconf 78' lang='grc' dir='ltr'><em>ἑπομένους·</em></span> <span class='ocrx_word' id='word_1_19' title='bbox 1067 439 1162 504; x_wconf 77' lang='grc' dir='ltr'><em>ἔστιν</em></span> 
     </span>
     <span class='ocr_line' id='line_1_4' title="bbox 139 537 1162 630; baseline 0.001 -22"><span class='ocrx_word' id='word_1_20' title='bbox 139 542 205 630; x_wconf 86' lang='grc' dir='ltr'><em>άρα</em></span> <span class='ocrx_word' id='word_1_21' title='bbox 233 538 277 622; x_wconf 76' lang='grc' dir='ltr'><em>ὡς</em></span> <span class='ocrx_word' id='word_1_22' title='bbox 305 537 326 627; x_wconf 80' lang='grc' dir='ltr'><em>ἡ</em></span> <span class='ocrx_word' id='word_1_23' title='bbox 351 548 425 609; x_wconf 88' lang='grc' dir='ltr'><em>ΒΗ</em></span> <span class='ocrx_word' id='word_1_24' title='bbox 443 539 550 628; x_wconf 86' lang='grc' dir='ltr'><em>μονὰς</em></span> <span class='ocrx_word' id='word_1_25' title='bbox 572 539 657 629; x_wconf 87' lang='grc' dir='ltr'><em>πρὸς</em></span> <span class='ocrx_word' id='word_1_26' title='bbox 679 538 739 609; x_wconf 88' lang='grc' dir='ltr'><em>τὸν</em></span> <span class='ocrx_word' id='word_1_27' title='bbox 763 547 830 608; x_wconf 83' lang='grc' dir='ltr'><em>ΕΚ</em></span> <span class='ocrx_word' id='word_1_28' title='bbox 854 538 1021 629; x_wconf 75' lang='grc' dir='ltr'><em>άριθμόν,</em></span> <span class='ocrx_word' id='word_1_29' title='bbox 1050 539 1162 622; x_wconf 80' lang='grc' dir='ltr'><em>οὕτως</em></span> 
     </span>
     <span class='ocr_line' id='line_1_5' title="bbox 139 644 1160 736; baseline -0.003 -19"><span class='ocrx_word' id='word_1_30' title='bbox 139 645 156 717; x_wconf 83' lang='grc' dir='ltr'>ὁ</span> <span class='ocrx_word' id='word_1_31' title='bbox 180 653 248 716; x_wconf 94' lang='grc' dir='ltr'><em>ΒΓ</em></span> <span class='ocrx_word' id='word_1_32' title='bbox 266 644 350 735; x_wconf 85' lang='grc' dir='ltr'><em>πρὸς</em></span> <span class='ocrx_word' id='word_1_33' title='bbox 365 645 435 715; x_wconf 85' lang='grc' dir='ltr'><em>τὸν</em></span> <span class='ocrx_word' id='word_1_34' title='bbox 457 654 529 716; x_wconf 88' lang='grc' dir='ltr'><em>ΕΖ.</em></span> <span class='ocrx_word' id='word_1_35' title='bbox 576 655 631 734; x_wconf 79' lang='grc' dir='ltr'><em>ἰση</em></span> <span class='ocrx_word' id='word_1_36' title='bbox 656 646 695 715; x_wconf 73' lang='grc' dir='ltr'><em>δὲ</em></span> <span class='ocrx_word' id='word_1_37' title='bbox 717 645 738 733; x_wconf 79' lang='grc' dir='ltr'><em>ἡ</em></span> <span class='ocrx_word' id='word_1_38' title='bbox 763 653 837 714; x_wconf 89' lang='grc' dir='ltr'><em>ΒΗ</em></span> <span class='ocrx_word' id='word_1_39' title='bbox 856 645 961 733; x_wconf 88' lang='grc' dir='ltr'><em>μονάς</em></span> <span class='ocrx_word' id='word_1_40' title='bbox 983 651 1023 736; x_wconf 74' lang='grc' dir='ltr'><em>τῇ</em></span> <span class='ocrx_word' id='word_1_41' title='bbox 1044 657 1076 714; x_wconf 90' lang='lat' dir='ltr'><em>A</em></span> <span class='ocrx_word' id='word_1_42' title='bbox 1100 673 1160 734; x_wconf 91' lang='grc' dir='ltr'><em>μο-</em></span> 
     </span>
    </p>

    <p class='ocr_par' dir='ltr' id='par_1_3' title="bbox 101 750 1161 1160">
     <span class='ocr_line' id='line_1_6' title="bbox 101 750 1161 846; baseline -0.002 -24"><span class='ocrx_word' id='word_1_43' title='bbox 101 753 228 840; x_wconf 76' lang='grc' dir='ltr'><em>5νάδι,</em></span> <span class='ocrx_word' id='word_1_44' title='bbox 252 750 270 822; x_wconf 89' lang='grc' dir='ltr'>ὁ</span> <span class='ocrx_word' id='word_1_45' title='bbox 295 751 334 822; x_wconf 73' lang='grc' dir='ltr'><em>δὲ</em></span> <span class='ocrx_word' id='word_1_46' title='bbox 351 759 422 821; x_wconf 84' lang='grc' dir='ltr'><em>ΕΚ</em></span> <span class='ocrx_word' id='word_1_47' title='bbox 443 750 591 841; x_wconf 75' lang='grc' dir='ltr'><em>ἀριθμὸς</em></span> <span class='ocrx_word' id='word_1_48' title='bbox 612 755 658 843; x_wconf 78' lang='grc' dir='ltr'><em>τῷ</em></span> <span class='ocrx_word' id='word_1_49' title='bbox 678 761 712 820; x_wconf 98' lang='lat' dir='ltr'><em>A</em></span> <span class='ocrx_word' id='word_1_50' title='bbox 734 750 880 846; x_wconf 76' lang='grc' dir='ltr'><em>ἀριθμῷ.</em></span> <span class='ocrx_word' id='word_1_51' title='bbox 917 757 1008 821; x_wconf 82' lang='grc' dir='ltr'><em>ἔστιν</em></span> <span class='ocrx_word' id='word_1_52' title='bbox 1026 751 1093 841; x_wconf 89' lang='grc' dir='ltr'><em>άρα</em></span> <span class='ocrx_word' id='word_1_53' title='bbox 1112 751 1161 834; x_wconf 78' lang='grc' dir='ltr'><em>ως</em></span> 
     </span>
     <span class='ocr_line' id='line_1_7' title="bbox 136 855 1161 948; baseline -0.002 -21"><span class='ocrx_word' id='word_1_54' title='bbox 136 856 157 946; x_wconf 79' lang='grc' dir='ltr'><em>ἡ</em></span> <span class='ocrx_word' id='word_1_55' title='bbox 181 868 214 927; x_wconf 87' lang='lat' dir='ltr'><em>A</em></span> <span class='ocrx_word' id='word_1_56' title='bbox 237 855 344 946; x_wconf 83' lang='grc' dir='ltr'><em>μονάς</em></span> <span class='ocrx_word' id='word_1_57' title='bbox 369 858 453 948; x_wconf 84' lang='grc' dir='ltr'><em>πρὸς</em></span> <span class='ocrx_word' id='word_1_58' title='bbox 479 857 541 928; x_wconf 84' lang='grc' dir='ltr'><em>τὸν</em></span> <span class='ocrx_word' id='word_1_59' title='bbox 565 867 599 928; x_wconf 91' lang='lat' dir='ltr'><em>A</em></span> <span class='ocrx_word' id='word_1_60' title='bbox 622 857 788 947; x_wconf 78' lang='grc' dir='ltr'><em>άριθμόν,</em></span> <span class='ocrx_word' id='word_1_61' title='bbox 817 860 923 939; x_wconf 77' lang='grc' dir='ltr'><em>οὕτως</em></span> <span class='ocrx_word' id='word_1_62' title='bbox 946 857 964 928; x_wconf 88' lang='grc' dir='ltr'>ὁ</span> <span class='ocrx_word' id='word_1_63' title='bbox 988 864 1055 927; x_wconf 89' lang='grc' dir='ltr'><em>ΒΓ</em></span> <span class='ocrx_word' id='word_1_64' title='bbox 1073 857 1161 945; x_wconf 87' lang='grc' dir='ltr'><em>πρὸς</em></span> 
     </span>
     <span class='ocr_line' id='line_1_8' title="bbox 137 962 1158 1054; baseline 0.001 -22"><span class='ocrx_word' id='word_1_65' title='bbox 137 964 197 1034; x_wconf 86' lang='grc' dir='ltr'><em>τὸν</em></span> <span class='ocrx_word' id='word_1_66' title='bbox 221 972 293 1033; x_wconf 91' lang='grc' dir='ltr'><em>ΕΖ.</em></span> <span class='ocrx_word' id='word_1_67' title='bbox 331 965 440 1046; x_wconf 77' lang='grc' dir='ltr'><strong><em>ἰσάκις</em></strong></span> <span class='ocrx_word' id='word_1_68' title='bbox 468 964 534 1053; x_wconf 84' lang='grc' dir='ltr'><em>άρα</em></span> <span class='ocrx_word' id='word_1_69' title='bbox 557 962 578 1052; x_wconf 80' lang='grc' dir='ltr'><em>ἡ</em></span> <span class='ocrx_word' id='word_1_70' title='bbox 602 974 635 1034; x_wconf 92' lang='lat' dir='ltr'><em>A</em></span> <span class='ocrx_word' id='word_1_71' title='bbox 657 964 764 1053; x_wconf 81' lang='grc' dir='ltr'><em>μονάς</em></span> <span class='ocrx_word' id='word_1_72' title='bbox 785 963 847 1034; x_wconf 85' lang='grc' dir='ltr'><em>τὸν</em></span> <span class='ocrx_word' id='word_1_73' title='bbox 874 973 904 1032; x_wconf 91' lang='lat' dir='ltr'><em>A</em></span> <span class='ocrx_word' id='word_1_74' title='bbox 928 963 1079 1054; x_wconf 76' lang='grc' dir='ltr'><em>ἀριθμὸν</em></span> <span class='ocrx_word' id='word_1_75' title='bbox 1103 991 1158 1052; x_wconf 90' lang='grc' dir='ltr'><em>με·</em></span> 
     </span>
     <span class='ocr_line' id='line_1_9' title="bbox 136 1069 948 1160; baseline 0.004 -22"><span class='ocrx_word' id='word_1_76' title='bbox 136 1085 210 1160; x_wconf 98' lang='grc' dir='ltr'><em>τρεῖ</em></span> <span class='ocrx_word' id='word_1_77' title='bbox 230 1072 285 1139; x_wconf 84' lang='grc' dir='ltr'><em>καί</em></span> <span class='ocrx_word' id='word_1_78' title='bbox 310 1069 328 1140; x_wconf 85' lang='grc' dir='ltr'>ὁ</span> <span class='ocrx_word' id='word_1_79' title='bbox 353 1079 420 1141; x_wconf 91' lang='grc' dir='ltr'><em>ΒΓ</em></span> <span class='ocrx_word' id='word_1_80' title='bbox 438 1071 498 1141; x_wconf 91' lang='grc' dir='ltr'><em>τὸν</em></span> <span class='ocrx_word' id='word_1_81' title='bbox 523 1080 598 1140; x_wconf 88' lang='grc' dir='ltr'><em>ΕΖ·</em></span> <span class='ocrx_word' id='word_1_82' title='bbox 636 1071 718 1159; x_wconf 79' lang='grc' dir='ltr'><em>ὅπερ</em></span> <span class='ocrx_word' id='word_1_83' title='bbox 742 1077 810 1140; x_wconf 76' lang='grc' dir='ltr'><em>ἔδει</em></span> <span class='ocrx_word' id='word_1_84' title='bbox 834 1073 948 1153; x_wconf 70' lang='grc' dir='ltr'><em>δεῖξαι.</em></span> 
     </span>
    </p>
   </div>
   <div class='ocr_carea' id='block_1_3' title="bbox 11 1249 1160 3369">
    <p class='ocr_par' dir='ltr' id='par_1_4' title="bbox 615 1249 678 1321">
     <span class='ocr_line' id='line_1_10' title="bbox 615 1249 678 1321; baseline 0 -2"><span class='ocrx_word' id='word_1_85' title='bbox 615 1249 678 1321; x_wconf 76' lang='grc' dir='ltr'><em>ις’.</em></span> 
     </span>
    </p>

    <p class='ocr_par' dir='ltr' id='par_1_5' title="bbox 11 1368 1158 1565">
     <span class='ocr_line' id='line_1_11' title="bbox 84 1368 1158 1460; baseline -0.008 -14"><span class='ocrx_word' id='word_1_86' title='bbox 84 1398 118 1446; x_wconf 82' lang='grc' dir='ltr'><em>ιο</em></span> <span class='ocrx_word' id='word_1_87' title='bbox 207 1370 291 1440; x_wconf 82' lang='grc' dir='ltr'><em>Εάν</em></span> <span class='ocrx_word' id='word_1_88' title='bbox 315 1372 387 1440; x_wconf 74' lang='grc' dir='ltr'><em>δύο</em></span> <span class='ocrx_word' id='word_1_89' title='bbox 410 1369 582 1460; x_wconf 75' lang='grc' dir='ltr'><em>ἀριθμοὶ</em></span> <span class='ocrx_word' id='word_1_90' title='bbox 600 1371 1021 1451; x_wconf 74' lang='grc' dir='ltr'><em>πολλαπλασιάσαντες</em></span> <span class='ocrx_word' id='word_1_91' title='bbox 1039 1368 1158 1457; x_wconf 81' lang='grc' dir='ltr'><em>άλλή-</em></span> 
     </span>
     <span class='ocr_line' id='line_1_12' title="bbox 11 1473 1157 1565; baseline -0.003 -17"><span class='ocrx_word' id='word_1_92' title='bbox 11 1477 88 1554; x_wconf 71' lang='grc' dir='ltr'><em>.-,ἰ,α</em></span> <span class='ocrx_word' id='word_1_93' title='bbox 135 1485 229 1557; x_wconf 90' lang='grc' dir='ltr'><em>λους</em></span> <span class='ocrx_word' id='word_1_94' title='bbox 250 1482 397 1546; x_wconf 74' lang='grc' dir='ltr'><em>ποιῶσί</em></span> <span class='ocrx_word' id='word_1_95' title='bbox 415 1503 543 1563; x_wconf 87' lang='grc' dir='ltr'><em>τινας,</em></span> <span class='ocrx_word' id='word_1_96' title='bbox 567 1481 606 1547; x_wconf 89' lang='grc' dir='ltr'><em>οἰ</em></span> <span class='ocrx_word' id='word_1_97' title='bbox 626 1477 841 1565; x_wconf 84' lang='grc' dir='ltr'><em>γενόμενοι</em></span> <span class='ocrx_word' id='word_1_98' title='bbox 865 1479 902 1558; x_wconf 80' lang='grc' dir='ltr'><em>ἐξ</em></span> <span class='ocrx_word' id='word_1_99' title='bbox 921 1473 1051 1545; x_wconf 78' lang='grc' dir='ltr'><em>αὐτῶν</em></span> <span class='ocrx_word' id='word_1_100' title='bbox 1071 1486 1157 1545; x_wconf 88' lang='grc' dir='ltr'><em>ῖσοι</em></span> 
     </span>
    </p>

    <p class='ocr_par' dir='ltr' id='par_1_6' title="bbox 12 1581 1160 1988">
     <span class='ocr_line' id='line_1_13' title="bbox 136 1581 521 1669; baseline 0.005 -19"><span class='ocrx_word' id='word_1_101' title='bbox 136 1581 325 1669; x_wconf 79' lang='grc' dir='ltr'><em>άλλήλοις</em></span> <span class='ocrx_word' id='word_1_102' title='bbox 348 1588 521 1653; x_wconf 80' lang='grc' dir='ltr'><em>ἔσονται.</em></span> 
     </span>
     <span class='ocr_line' id='line_1_14' title="bbox 12 1686 1157 1786; baseline 0.002 -30"><span class='ocrx_word' id='word_1_103' title='bbox 12 1778 16 1786; x_wconf 26' lang='lat'><em>¹</em></span> <span class='ocrx_word' id='word_1_104' title='bbox 193 1687 369 1758; x_wconf 84' lang='grc' dir='ltr'><em>Ἔστωσαν</em></span> <span class='ocrx_word' id='word_1_105' title='bbox 393 1688 456 1758; x_wconf 76' lang='grc' dir='ltr'><em>δύο</em></span> <span class='ocrx_word' id='word_1_106' title='bbox 481 1686 625 1779; x_wconf 78' lang='grc' dir='ltr'><em>άριθμοί</em></span> <span class='ocrx_word' id='word_1_107' title='bbox 648 1692 683 1758; x_wconf 87' lang='grc' dir='ltr'><em>οἰ</em></span> <span class='ocrx_word' id='word_1_108' title='bbox 704 1698 747 1776; x_wconf 89' lang='lat' dir='ltr'><em>A,</em></span> <span class='ocrx_word' id='word_1_109' title='bbox 771 1697 811 1777; x_wconf 89' lang='grc' dir='ltr'><em>Β,</em></span> <span class='ocrx_word' id='word_1_110' title='bbox 834 1690 891 1758; x_wconf 84' lang='grc' dir='ltr'><em>καί</em></span> <span class='ocrx_word' id='word_1_111' title='bbox 915 1687 932 1759; x_wconf 84' lang='grc' dir='ltr'>ὁ</span> <span class='ocrx_word' id='word_1_112' title='bbox 957 1690 1019 1778; x_wconf 73' lang='grc' dir='ltr'><em>μὲν</em></span> <span class='ocrx_word' id='word_1_113' title='bbox 1038 1698 1070 1757; x_wconf 97' lang='lat' dir='ltr'><em>A</em></span> <span class='ocrx_word' id='word_1_114' title='bbox 1093 1689 1157 1758; x_wconf 90' lang='grc' dir='ltr'><em>τὸν</em></span> 
     </span>
     <span class='ocr_line' id='line_1_15' title="bbox 135 1794 1156 1883; baseline -0.001 -20"><span class='ocrx_word' id='word_1_115' title='bbox 135 1802 164 1863; x_wconf 89' lang='grc' dir='ltr'><strong><em>Β</em></strong></span> <span class='ocrx_word' id='word_1_116' title='bbox 182 1795 476 1877; x_wconf 80' lang='grc' dir='ltr'><em>πολλαπλασιάσας</em></span> <span class='ocrx_word' id='word_1_117' title='bbox 493 1794 555 1864; x_wconf 90' lang='grc' dir='ltr'><em>τὸν</em></span> <span class='ocrx_word' id='word_1_118' title='bbox 568 1801 601 1864; x_wconf 91' lang='grc' dir='ltr'><strong><em>Γ</em></strong></span> <span class='ocrx_word' id='word_1_119' title='bbox 615 1801 761 1883; x_wconf 84' lang='grc' dir='ltr'><em>ποιείτω,</em></span> <span class='ocrx_word' id='word_1_120' title='bbox 782 1794 800 1864; x_wconf 84' lang='grc' dir='ltr'>ὁ</span> <span class='ocrx_word' id='word_1_121' title='bbox 817 1795 855 1864; x_wconf 75' lang='grc' dir='ltr'><em>δέ</em></span> <span class='ocrx_word' id='word_1_122' title='bbox 868 1803 897 1864; x_wconf 92' lang='grc' dir='ltr'><strong><em>Β</em></strong></span> <span class='ocrx_word' id='word_1_123' title='bbox 913 1794 973 1864; x_wconf 88' lang='grc' dir='ltr'><em>τὸν</em></span> <span class='ocrx_word' id='word_1_124' title='bbox 988 1805 1020 1862; x_wconf 89' lang='grc' dir='ltr'><em>Α</em></span> <span class='ocrx_word' id='word_1_125' title='bbox 1033 1801 1156 1863; x_wconf 88' lang='grc' dir='ltr'><em>πολλα-</em></span> 
     </span>
     <span class='ocr_line' id='line_1_16' title="bbox 83 1897 1160 1988; baseline -0.001 -19"><span class='ocrx_word' id='word_1_126' title='bbox 83 1928 116 1977; x_wconf 77' lang='lat'><em>15</em></span> <span class='ocrx_word' id='word_1_127' title='bbox 135 1901 322 1982; x_wconf 89' lang='grc' dir='ltr'><em>πλασιάσας</em></span> <span class='ocrx_word' id='word_1_128' title='bbox 344 1900 403 1971; x_wconf 91' lang='grc' dir='ltr'><em>τὸν</em></span> <span class='ocrx_word' id='word_1_129' title='bbox 427 1909 461 1969; x_wconf 91' lang='lat' dir='ltr'><em>A</em></span> <span class='ocrx_word' id='word_1_130' title='bbox 483 1906 632 1970; x_wconf 80' lang='grc' dir='ltr'><em>ποιείτω·</em></span> <span class='ocrx_word' id='word_1_131' title='bbox 664 1902 767 1988; x_wconf 76' lang='grc' dir='ltr'><em>λέγω,</em></span> <span class='ocrx_word' id='word_1_132' title='bbox 796 1899 848 1970; x_wconf 84' lang='grc' dir='ltr'><em>ὅτι</em></span> <span class='ocrx_word' id='word_1_133' title='bbox 872 1910 945 1981; x_wconf 87' lang='grc' dir='ltr'><em>ἰσος</em></span> <span class='ocrx_word' id='word_1_134' title='bbox 969 1901 1059 1970; x_wconf 80' lang='grc' dir='ltr'><em>ἐστὶν</em></span> <span class='ocrx_word' id='word_1_135' title='bbox 1084 1897 1101 1969; x_wconf 83' lang='grc' dir='ltr'>ὁ</span> <span class='ocrx_word' id='word_1_136' title='bbox 1126 1908 1160 1968; x_wconf 91' lang='grc' dir='ltr'>Γ</span> 
     </span>
    </p>

    <p class='ocr_par' dir='ltr' id='par_1_7' title="bbox 134 2011 248 2099">
     <span class='ocr_line' id='line_1_17' title="bbox 134 2011 248 2099; baseline 0.009 -24"><span class='ocrx_word' id='word_1_137' title='bbox 134 2011 181 2099; x_wconf 75' lang='grc' dir='ltr'><em>τῷ</em></span> <span class='ocrx_word' id='word_1_138' title='bbox 205 2016 248 2076; x_wconf 91' lang='lat' dir='ltr'><em>A.</em></span> 
     </span>
    </p>

    <p class='ocr_par' dir='ltr' id='par_1_8' title="bbox 78 2111 1156 3369">
     <span class='ocr_line' id='line_1_18' title="bbox 198 2111 1156 2204; baseline 0.001 -22"><span class='ocrx_word' id='word_1_139' title='bbox 198 2112 288 2182; x_wconf 76' lang='grc' dir='ltr'><em>Ἐπεὶ</em></span> <span class='ocrx_word' id='word_1_140' title='bbox 314 2113 378 2204; x_wconf 77' lang='grc' dir='ltr'><em>γὰρ</em></span> <span class='ocrx_word' id='word_1_141' title='bbox 407 2111 425 2183; x_wconf 85' lang='grc' dir='ltr'>ὅ</span> <span class='ocrx_word' id='word_1_142' title='bbox 450 2123 483 2182; x_wconf 87' lang='grc' dir='ltr'><em>Α</em></span> <span class='ocrx_word' id='word_1_143' title='bbox 508 2113 572 2182; x_wconf 82' lang='grc' dir='ltr'><em>τὸν</em></span> <span class='ocrx_word' id='word_1_144' title='bbox 594 2121 623 2181; x_wconf 92' lang='grc' dir='ltr'><strong><em>Β</em></strong></span> <span class='ocrx_word' id='word_1_145' title='bbox 646 2113 941 2194; x_wconf 76' lang='grc' dir='ltr'><em>πολλαπλασιάσας</em></span> <span class='ocrx_word' id='word_1_146' title='bbox 962 2111 1025 2183; x_wconf 85' lang='grc' dir='ltr'><em>τὸν</em></span> <span class='ocrx_word' id='word_1_147' title='bbox 1047 2119 1080 2182; x_wconf 91' lang='grc' dir='ltr'>Γ</span> <span class='ocrx_word' id='word_1_148' title='bbox 1098 2137 1156 2183; x_wconf 90' lang='grc' dir='ltr'><em>πε-</em></span> 
     </span>
     <span class='ocr_line' id='line_1_19' title="bbox 134 2218 1156 2312; baseline 0.002 -26"><span class='ocrx_word' id='word_1_149' title='bbox 134 2224 288 2306; x_wconf 83' lang='grc' dir='ltr'><em>ποίηκεν,</em></span> <span class='ocrx_word' id='word_1_150' title='bbox 317 2218 337 2290; x_wconf 85' lang='grc' dir='ltr'>ὁ</span> <span class='ocrx_word' id='word_1_151' title='bbox 364 2229 392 2288; x_wconf 91' lang='grc' dir='ltr'><strong><em>Β</em></strong></span> <span class='ocrx_word' id='word_1_152' title='bbox 412 2219 488 2308; x_wconf 48' lang='grc' dir='ltr'><em>’άρα</em></span> <span class='ocrx_word' id='word_1_153' title='bbox 514 2218 576 2288; x_wconf 89' lang='grc' dir='ltr'><em>τὸν</em></span> <span class='ocrx_word' id='word_1_154' title='bbox 605 2225 638 2287; x_wconf 90' lang='grc' dir='ltr'><strong><em>Γ</em></strong></span> <span class='ocrx_word' id='word_1_155' title='bbox 660 2233 774 2309; x_wconf 89' lang='grc' dir='ltr'><em>μετρεῖ</em></span> <span class='ocrx_word' id='word_1_156' title='bbox 798 2219 880 2288; x_wconf 83' lang='grc' dir='ltr'><em>κατά</em></span> <span class='ocrx_word' id='word_1_157' title='bbox 909 2219 969 2300; x_wconf 84' lang='grc' dir='ltr'><em>τάς</em></span> <span class='ocrx_word' id='word_1_158' title='bbox 992 2221 1028 2288; x_wconf 82' lang='grc' dir='ltr'><em>ἐν</em></span> <span class='ocrx_word' id='word_1_159' title='bbox 1050 2223 1097 2312; x_wconf 77' lang='grc' dir='ltr'><em>τῷ</em></span> <span class='ocrx_word' id='word_1_160' title='bbox 1121 2229 1156 2288; x_wconf 94' lang='lat' dir='ltr'><em>A</em></span> 
     </span>
     <span class='ocr_line' id='line_1_20' title="bbox 134 2322 1156 2416; baseline 0.001 -23"><span class='ocrx_word' id='word_1_161' title='bbox 134 2326 293 2412; x_wconf 71' lang='grc' dir='ltr'><em>μονάδας.</em></span> <span class='ocrx_word' id='word_1_162' title='bbox 339 2339 452 2416; x_wconf 86' lang='grc' dir='ltr'><em>μετρεῖ</em></span> <span class='ocrx_word' id='word_1_163' title='bbox 478 2326 517 2394; x_wconf 68' lang='grc' dir='ltr'><em>δὲ</em></span> <span class='ocrx_word' id='word_1_164' title='bbox 542 2325 599 2394; x_wconf 85' lang='grc' dir='ltr'><em>καί</em></span> <span class='ocrx_word' id='word_1_165' title='bbox 626 2322 647 2412; x_wconf 78' lang='grc' dir='ltr'><em>ἡ</em></span> <span class='ocrx_word' id='word_1_166' title='bbox 677 2333 709 2394; x_wconf 89' lang='grc' dir='ltr'><em>Ε</em></span> <span class='ocrx_word' id='word_1_167' title='bbox 734 2326 842 2412; x_wconf 85' lang='grc' dir='ltr'><em>μονάς</em></span> <span class='ocrx_word' id='word_1_168' title='bbox 864 2325 925 2395; x_wconf 89' lang='grc' dir='ltr'><em>τὸν</em></span> <span class='ocrx_word' id='word_1_169' title='bbox 949 2337 981 2394; x_wconf 89' lang='lat' dir='ltr'><em>A</em></span> <span class='ocrx_word' id='word_1_170' title='bbox 1003 2323 1156 2415; x_wconf 74' lang='grc' dir='ltr'><em>ἀριθμὸν</em></span> 
     </span>
     <span class='ocr_line' id='line_1_21' title="bbox 80 2429 1156 2525; baseline 0.002 -27"><span class='ocrx_word' id='word_1_171' title='bbox 80 2458 115 2507; x_wconf 83' lang='lat'><em>20</em></span> <span class='ocrx_word' id='word_1_172' title='bbox 134 2432 216 2500; x_wconf 83' lang='grc' dir='ltr'><em>κατά</em></span> <span class='ocrx_word' id='word_1_173' title='bbox 244 2432 304 2513; x_wconf 82' lang='grc' dir='ltr'><em>τὰς</em></span> <span class='ocrx_word' id='word_1_174' title='bbox 331 2435 369 2501; x_wconf 84' lang='grc' dir='ltr'><em>έν</em></span> <span class='ocrx_word' id='word_1_175' title='bbox 397 2433 487 2525; x_wconf 76' lang='grc' dir='ltr'><em>αὐτῷ</em></span> <span class='ocrx_word' id='word_1_176' title='bbox 515 2429 680 2520; x_wconf 70' lang='grc' dir='ltr'><em>μονάδας·</em></span> <span class='ocrx_word' id='word_1_177' title='bbox 710 2434 819 2514; x_wconf 79' lang='grc' dir='ltr'><em>ἰσάκις</em></span> <span class='ocrx_word' id='word_1_178' title='bbox 846 2432 913 2522; x_wconf 88' lang='grc' dir='ltr'><em>άρα</em></span> <span class='ocrx_word' id='word_1_179' title='bbox 941 2430 962 2520; x_wconf 78' lang='grc' dir='ltr'><em>ἡ</em></span> <span class='ocrx_word' id='word_1_180' title='bbox 990 2440 1022 2500; x_wconf 88' lang='grc' dir='ltr'><em>Ε</em></span> <span class='ocrx_word' id='word_1_181' title='bbox 1047 2432 1156 2520; x_wconf 83' lang='grc' dir='ltr'><em>μονάς</em></span> 
     </span>
     <span class='ocr_line' id='line_1_22' title="bbox 132 2534 1154 2627; baseline 0.001 -22"><span class='ocrx_word' id='word_1_182' title='bbox 132 2538 193 2606; x_wconf 89' lang='grc' dir='ltr'><em>τὸν</em></span> <span class='ocrx_word' id='word_1_183' title='bbox 216 2547 248 2604; x_wconf 89' lang='grc' dir='ltr'><em>Α</em></span> <span class='ocrx_word' id='word_1_184' title='bbox 271 2536 421 2626; x_wconf 75' lang='grc' dir='ltr'><em>άριθμὸν</em></span> <span class='ocrx_word' id='word_1_185' title='bbox 449 2550 562 2626; x_wconf 80' lang='grc' dir='ltr'><em>μετρεῖ</em></span> <span class='ocrx_word' id='word_1_186' title='bbox 581 2538 637 2606; x_wconf 85' lang='grc' dir='ltr'><em>καί</em></span> <span class='ocrx_word' id='word_1_187' title='bbox 662 2534 679 2606; x_wconf 89' lang='grc' dir='ltr'>ὁ</span> <span class='ocrx_word' id='word_1_188' title='bbox 704 2547 733 2606; x_wconf 92' lang='grc' dir='ltr'><em>Β</em></span> <span class='ocrx_word' id='word_1_189' title='bbox 756 2538 817 2608; x_wconf 85' lang='grc' dir='ltr'><em>τὸν</em></span> <span class='ocrx_word' id='word_1_190' title='bbox 840 2545 878 2607; x_wconf 89' lang='grc' dir='ltr'><em>Γ.</em></span> <span class='ocrx_word' id='word_1_191' title='bbox 919 2536 1062 2621; x_wconf 79' lang='grc' dir='ltr'><em>ἐναλλάξ</em></span> <span class='ocrx_word' id='word_1_192' title='bbox 1084 2537 1154 2627; x_wconf 84' lang='grc' dir='ltr'><em>άρα</em></span> 
     </span>
     <span class='ocr_line' id='line_1_23' title="bbox 133 2640 1154 2733; baseline 0.004 -23"><span class='ocrx_word' id='word_1_193' title='bbox 133 2641 242 2724; x_wconf 78' lang='grc' dir='ltr'><em>ἰσάκις</em></span> <span class='ocrx_word' id='word_1_194' title='bbox 272 2640 293 2729; x_wconf 82' lang='grc' dir='ltr'><em>ἡ</em></span> <span class='ocrx_word' id='word_1_195' title='bbox 323 2651 355 2710; x_wconf 88' lang='grc' dir='ltr'><em>Ε</em></span> <span class='ocrx_word' id='word_1_196' title='bbox 384 2641 491 2730; x_wconf 84' lang='grc' dir='ltr'><em>μονάς</em></span> <span class='ocrx_word' id='word_1_197' title='bbox 516 2643 577 2712; x_wconf 85' lang='grc' dir='ltr'><em>τὸν</em></span> <span class='ocrx_word' id='word_1_198' title='bbox 604 2650 633 2711; x_wconf 89' lang='grc' dir='ltr'><strong><em>Β</em></strong></span> <span class='ocrx_word' id='word_1_199' title='bbox 662 2641 813 2732; x_wconf 77' lang='grc' dir='ltr'><em>άριθμόν</em></span> <span class='ocrx_word' id='word_1_200' title='bbox 845 2657 960 2733; x_wconf 82' lang='grc' dir='ltr'><em>μετρεῖ</em></span> <span class='ocrx_word' id='word_1_201' title='bbox 987 2646 1044 2714; x_wconf 88' lang='grc' dir='ltr'><em>καί</em></span> <span class='ocrx_word' id='word_1_202' title='bbox 1073 2642 1091 2714; x_wconf 84' lang='grc' dir='ltr'>ὁ</span> <span class='ocrx_word' id='word_1_203' title='bbox 1120 2655 1154 2714; x_wconf 91' lang='grc' dir='ltr'><em>Α</em></span> 
     </span>
     <span class='ocr_line' id='line_1_24' title="bbox 131 2745 1153 2834; baseline 0.006 -20"><span class='ocrx_word' id='word_1_204' title='bbox 131 2746 192 2815; x_wconf 91' lang='grc' dir='ltr'><em>τὸν</em></span> <span class='ocrx_word' id='word_1_205' title='bbox 216 2754 253 2816; x_wconf 92' lang='grc' dir='ltr'><em>Γ.</em></span> <span class='ocrx_word' id='word_1_206' title='bbox 297 2747 416 2834; x_wconf 87' lang='grc' dir='ltr'><em>πάλιν,</em></span> <span class='ocrx_word' id='word_1_207' title='bbox 439 2747 509 2816; x_wconf 89' lang='grc' dir='ltr'><em>έπεί</em></span> <span class='ocrx_word' id='word_1_208' title='bbox 532 2745 550 2817; x_wconf 83' lang='grc' dir='ltr'>ὁ</span> <span class='ocrx_word' id='word_1_209' title='bbox 574 2755 603 2816; x_wconf 90' lang='grc' dir='ltr'><strong><em>Β</em></strong></span> <span class='ocrx_word' id='word_1_210' title='bbox 626 2746 687 2817; x_wconf 84' lang='grc' dir='ltr'><em>τὸν</em></span> <span class='ocrx_word' id='word_1_211' title='bbox 710 2757 743 2816; x_wconf 93' lang='lat' dir='ltr'><em>A</em></span> <span class='ocrx_word' id='word_1_212' title='bbox 765 2750 1064 2832; x_wconf 88' lang='grc' dir='ltr'><em>πολλαπλασιάσας</em></span> <span class='ocrx_word' id='word_1_213' title='bbox 1090 2751 1153 2820; x_wconf 87' lang='grc' dir='ltr'><em>τὸν</em></span> 
     </span>
     <span class='ocr_line' id='line_1_25' title="bbox 133 2851 1151 2946; baseline 0.007 -27"><span class='ocrx_word' id='word_1_214' title='bbox 133 2861 166 2919; x_wconf 93' lang='lat' dir='ltr'><em>A</em></span> <span class='ocrx_word' id='word_1_215' title='bbox 193 2858 389 2941; x_wconf 82' lang='grc' dir='ltr'><em>πεποίηκεν,</em></span> <span class='ocrx_word' id='word_1_216' title='bbox 422 2851 440 2922; x_wconf 86' lang='grc' dir='ltr'>ὁ</span> <span class='ocrx_word' id='word_1_217' title='bbox 468 2863 501 2922; x_wconf 91' lang='grc' dir='ltr'><em>Α</em></span> <span class='ocrx_word' id='word_1_218' title='bbox 528 2853 595 2943; x_wconf 86' lang='grc' dir='ltr'><em>άρα</em></span> <span class='ocrx_word' id='word_1_219' title='bbox 626 2853 687 2923; x_wconf 89' lang='grc' dir='ltr'><em>τὸν</em></span> <span class='ocrx_word' id='word_1_220' title='bbox 716 2864 750 2923; x_wconf 97' lang='lat' dir='ltr'><em>A</em></span> <span class='ocrx_word' id='word_1_221' title='bbox 777 2870 892 2946; x_wconf 87' lang='grc' dir='ltr'><em>μετρεῖ</em></span> <span class='ocrx_word' id='word_1_222' title='bbox 916 2857 1000 2927; x_wconf 83' lang='grc' dir='ltr'><em>κατὰ</em></span> <span class='ocrx_word' id='word_1_223' title='bbox 1026 2857 1085 2938; x_wconf 83' lang='grc' dir='ltr'><em>τὰς</em></span> <span class='ocrx_word' id='word_1_224' title='bbox 1114 2861 1151 2926; x_wconf 85' lang='grc' dir='ltr'><em>έν</em></span> 
     </span>
     <span class='ocr_line' id='line_1_26' title="bbox 78 2959 1150 3057; baseline 0.004 -31"><span class='ocrx_word' id='word_1_225' title='bbox 78 2985 112 3034; x_wconf 80' lang='lat'><em>25</em></span> <span class='ocrx_word' id='word_1_226' title='bbox 131 2962 177 3051; x_wconf 80' lang='grc' dir='ltr'><em>τῷ</em></span> <span class='ocrx_word' id='word_1_227' title='bbox 210 2966 238 3027; x_wconf 93' lang='grc' dir='ltr'><strong><em>Β</em></strong></span> <span class='ocrx_word' id='word_1_228' title='bbox 270 2959 428 3057; x_wconf 74' lang='grc' dir='ltr'><em>μονάδας.</em></span> <span class='ocrx_word' id='word_1_229' title='bbox 483 2975 598 3050; x_wconf 83' lang='grc' dir='ltr'><em>μετρεῖ</em></span> <span class='ocrx_word' id='word_1_230' title='bbox 628 2961 666 3030; x_wconf 72' lang='grc' dir='ltr'><em>δὲ</em></span> <span class='ocrx_word' id='word_1_231' title='bbox 696 2964 753 3030; x_wconf 87' lang='grc' dir='ltr'><em>καί</em></span> <span class='ocrx_word' id='word_1_232' title='bbox 785 2960 807 3050; x_wconf 73' lang='grc' dir='ltr'>ἡ</span> <span class='ocrx_word' id='word_1_233' title='bbox 837 2971 870 3032; x_wconf 89' lang='grc' dir='ltr'><em>Ε</em></span> <span class='ocrx_word' id='word_1_234' title='bbox 900 2963 1007 3052; x_wconf 82' lang='grc' dir='ltr'><em>μονὰς</em></span> <span class='ocrx_word' id='word_1_235' title='bbox 1025 2962 1093 3042; x_wconf 85' lang='grc' dir='ltr'><em>τὸν</em></span> <span class='ocrx_word' id='word_1_236' title='bbox 1121 2971 1150 3030; x_wconf 93' lang='grc' dir='ltr'><strong><em>Β</em></strong></span> 
     </span>
     <span class='ocr_line' id='line_1_27' title="bbox 131 3063 1153 3160; baseline 0.002 -26"><span class='ocrx_word' id='word_1_237' title='bbox 131 3063 214 3134; x_wconf 80' lang='grc' dir='ltr'><em>κατὰ</em></span> <span class='ocrx_word' id='word_1_238' title='bbox 242 3064 301 3146; x_wconf 82' lang='grc' dir='ltr'><em>τὰς</em></span> <span class='ocrx_word' id='word_1_239' title='bbox 328 3067 365 3134; x_wconf 88' lang='grc' dir='ltr'><em>έν</em></span> <span class='ocrx_word' id='word_1_240' title='bbox 392 3063 482 3160; x_wconf 77' lang='grc' dir='ltr'><em>αὐτῷ</em></span> <span class='ocrx_word' id='word_1_241' title='bbox 515 3067 676 3155; x_wconf 76' lang='grc' dir='ltr'><em>μονάδας·</em></span> <span class='ocrx_word' id='word_1_242' title='bbox 705 3067 814 3150; x_wconf 88' lang='grc' dir='ltr'><em>ἰσάκις</em></span> <span class='ocrx_word' id='word_1_243' title='bbox 843 3070 910 3159; x_wconf 85' lang='grc' dir='ltr'><em>άρα</em></span> <span class='ocrx_word' id='word_1_244' title='bbox 938 3067 959 3157; x_wconf 82' lang='grc' dir='ltr'><em>ἡ</em></span> <span class='ocrx_word' id='word_1_245' title='bbox 988 3077 1020 3138; x_wconf 91' lang='grc' dir='ltr'><em>Ε</em></span> <span class='ocrx_word' id='word_1_246' title='bbox 1045 3067 1153 3156; x_wconf 83' lang='grc' dir='ltr'><em>μονάς</em></span> 
     </span>
     <span class='ocr_line' id='line_1_28' title="bbox 130 3170 1152 3263; baseline 0.003 -23"><span class='ocrx_word' id='word_1_247' title='bbox 130 3172 191 3241; x_wconf 89' lang='grc' dir='ltr'><em>τὸν</em></span> <span class='ocrx_word' id='word_1_248' title='bbox 221 3180 249 3240; x_wconf 92' lang='grc' dir='ltr'><strong><em>Β</em></strong></span> <span class='ocrx_word' id='word_1_249' title='bbox 278 3170 429 3261; x_wconf 75' lang='grc' dir='ltr'><em>άριθμὸν</em></span> <span class='ocrx_word' id='word_1_250' title='bbox 456 3188 569 3263; x_wconf 85' lang='grc' dir='ltr'><em>μετρεῖ</em></span> <span class='ocrx_word' id='word_1_251' title='bbox 598 3175 655 3243; x_wconf 85' lang='grc' dir='ltr'><em>καὶ</em></span> <span class='ocrx_word' id='word_1_252' title='bbox 682 3172 702 3243; x_wconf 84' lang='grc' dir='ltr'>ὁ</span> <span class='ocrx_word' id='word_1_253' title='bbox 729 3185 762 3244; x_wconf 89' lang='grc' dir='ltr'><em>Α</em></span> <span class='ocrx_word' id='word_1_254' title='bbox 794 3174 855 3244; x_wconf 89' lang='grc' dir='ltr'><em>τὸν</em></span> <span class='ocrx_word' id='word_1_255' title='bbox 884 3185 926 3247; x_wconf 89' lang='grc' dir='ltr'><em>Δ.</em></span> <span class='ocrx_word' id='word_1_256' title='bbox 972 3176 1081 3256; x_wconf 90' lang='grc' dir='ltr'><em>ἰσάκις</em></span> <span class='ocrx_word' id='word_1_257' title='bbox 1114 3175 1152 3243; x_wconf 70' lang='grc' dir='ltr'><em>δὲ</em></span> 
     </span>
     <span class='ocr_line' id='line_1_29' title="bbox 133 3276 1150 3369; baseline 0.002 -23"><span class='ocrx_word' id='word_1_258' title='bbox 133 3277 207 3364; x_wconf 81' lang='grc' dir='ltr'><em>ἡΕ</em></span> <span class='ocrx_word' id='word_1_259' title='bbox 233 3279 340 3366; x_wconf 85' lang='grc' dir='ltr'><em>μονάς</em></span> <span class='ocrx_word' id='word_1_260' title='bbox 365 3279 427 3348; x_wconf 85' lang='grc' dir='ltr'><em>τὸν</em></span> <span class='ocrx_word' id='word_1_261' title='bbox 455 3287 483 3348; x_wconf 91' lang='grc' dir='ltr'><strong><em>Β</em></strong></span> <span class='ocrx_word' id='word_1_262' title='bbox 511 3276 661 3369; x_wconf 77' lang='grc' dir='ltr'><em>ἀριθμὸν</em></span> <span class='ocrx_word' id='word_1_263' title='bbox 692 3282 819 3369; x_wconf 81' lang='grc' dir='ltr'><em>ἐμέτρει</em></span> <span class='ocrx_word' id='word_1_264' title='bbox 846 3283 903 3349; x_wconf 83' lang='grc' dir='ltr'><em>καὶ</em></span> <span class='ocrx_word' id='word_1_265' title='bbox 927 3279 945 3350; x_wconf 85' lang='grc' dir='ltr'>ὁ</span> <span class='ocrx_word' id='word_1_266' title='bbox 969 3290 1002 3349; x_wconf 92' lang='lat' dir='ltr'><em>A</em></span> <span class='ocrx_word' id='word_1_267' title='bbox 1024 3280 1085 3349; x_wconf 84' lang='grc' dir='ltr'><em>τὸν</em></span> <span class='ocrx_word' id='word_1_268' title='bbox 1109 3287 1150 3348; x_wconf 92' lang='grc' dir='ltr'><em>Γ·</em></span> 
     </span>
    </p>
   </div>
   <div class='ocr_carea' id='block_1_4' title="bbox 203 3450 1149 3583">
    <p class='ocr_par' dir='ltr' id='par_1_9' title="bbox 203 3450 1149 3583">
     <span class='ocr_line' id='line_1_30' title="bbox 203 3450 1149 3583; baseline 0.001 -74"><span class='ocrx_word' id='word_1_269' title='bbox 203 3461 229 3510; x_wconf 87' lang='grc'><em>3.</em></span> <span class='ocrx_word' id='word_1_270' title='bbox 248 3450 322 3526; x_wconf 85' lang='grc' dir='ltr'><em>άρα]</em></span> <span class='ocrx_word' id='word_1_271' title='bbox 342 3451 400 3525; x_wconf 84' lang='grc' dir='ltr'><em>άρα</em></span> <span class='ocrx_word' id='word_1_272' title='bbox 418 3459 471 3510; x_wconf 88' lang='grc' dir='ltr'><em>καί</em></span> <span class='ocrx_word' id='word_1_273' title='bbox 484 3475 513 3526; x_wconf 80' lang='lat' dir='ltr'><em>p·</em></span> <span class='ocrx_word' id='word_1_274' title='bbox 586 3454 672 3583; x_wconf 48' lang='grc' dir='ltr'><em>πρόςἘ]</em></span> <span class='ocrx_word' id='word_1_275' title='bbox 695 3457 740 3513; x_wconf 85' lang='lat' dir='ltr'><em>bis</em></span> <span class='ocrx_word' id='word_1_276' title='bbox 758 3457 790 3512; x_wconf 83' lang='lat' dir='ltr'><em>P.</em></span> <span class='ocrx_word' id='word_1_277' title='bbox 863 3464 889 3513; x_wconf 81' lang='lat'><em>4.</em></span> <span class='ocrx_word' id='word_1_278' title='bbox 909 3453 1025 3530; x_wconf 75' lang='grc' dir='ltr'><em>ὁ]ὴμ.</em></span> <span class='ocrx_word' id='word_1_279' title='bbox 1099 3476 1149 3526; x_wconf 87' lang='grc' dir='ltr'><em>μο-</em></span> 
     </span>
    </p>
   </div>
   <div class='ocr_carea' id='block_1_5' title="bbox 131 3522 1150 3600">
    <p class='ocr_par' dir='ltr' id='par_1_10' title="bbox 131 3522 1150 3600">
     <span class='ocr_line' id='line_1_31' title="bbox 131 3522 1150 3600; baseline 0.003 -21"><span class='ocrx_word' id='word_1_280' title='bbox 131 3522 211 3596; x_wconf 77' lang='grc' dir='ltr'><em>νάδι]</em></span> <span class='ocrx_word' id='word_1_281' title='bbox 233 3528 274 3580; x_wconf 78' lang='grc' dir='ltr'><em>-ᾶι</em></span> <span class='ocrx_word' id='word_1_282' title='bbox 292 3526 321 3580; x_wconf 89' lang='lat' dir='ltr'><em>in</em></span> <span class='ocrx_word' id='word_1_283' title='bbox 339 3543 392 3582; x_wconf 75' lang='grc' dir='ltr'><em>τοι.</em></span> <span class='ocrx_word' id='word_1_284' title='bbox 412 3527 446 3582; x_wconf 89' lang='lat' dir='ltr'><em>V.</em></span> <span class='ocrx_word' id='word_1_285' title='bbox 511 3534 535 3584; x_wconf 82' lang='lat'><em>7.</em></span> <span class='ocrx_word' id='word_1_286' title='bbox 554 3523 626 3600; x_wconf 81' lang='grc' dir='ltr'><em>ἡ]ο</em></span> <span class='ocrx_word' id='word_1_287' title='bbox 670 3573 676 3586; x_wconf 95' lang='grc'><strong>.</strong></span> <span class='ocrx_word' id='word_1_288' title='bbox 744 3529 785 3599; x_wconf 90' lang='lat' dir='ltr'><em>A]</em></span> <span class='ocrx_word' id='word_1_289' title='bbox 806 3545 891 3599; x_wconf 77' lang='lat' dir='ltr'><strong>supra</strong></span> <span class='ocrx_word' id='word_1_290' title='bbox 908 3547 944 3584; x_wconf 88' lang='lat' dir='ltr'><em>m.</em></span> <span class='ocrx_word' id='word_1_291' title='bbox 965 3536 981 3584; x_wconf 87' lang='grc'>2</span> <span class='ocrx_word' id='word_1_292' title='bbox 1001 3528 1035 3584; x_wconf 91' lang='lat' dir='ltr'><em>V.</em></span> <span class='ocrx_word' id='word_1_293' title='bbox 1103 3547 1150 3597; x_wconf 90' lang='grc' dir='ltr'><em>μο-</em></span> 
     </span>
    </p>
   </div>
   <div class='ocr_carea' id='block_1_6' title="bbox 63 3624 126 3714">
    <p class='ocr_par' dir='ltr' id='par_1_11' title="bbox 63 3624 126 3714">
     <span class='ocr_line' id='line_1_32' title="bbox 63 3624 126 3714; baseline 0 -19"><span class='ocrx_word' id='word_1_294' title='bbox 63 3624 126 3714; x_wconf 47' lang='grc' dir='ltr'><strong>ῃ</strong></span> 
     </span>
    </p>
   </div>
   <div class='ocr_carea' id='block_1_7' title="bbox 0 0 1228 3938">
    <p class='ocr_par' dir='ltr' id='par_1_12' title="bbox 0 0 1228 3938">
     <span class='ocr_line' id='line_1_33' title="bbox 0 0 1228 3938; baseline 0 6"><span class='ocrx_word' id='word_1_295' title='bbox 0 0 1228 3938; x_wconf 95' lang='lat' dir='ltr'><em> </em></span> 
     </span>
    </p>
   </div>
  </div>
 </body>
</html>
