2446 3938
130 182 197 247 420
538 184 729 235 ΑΡΡιιιιοιιι.

128 331 239 392 ΘΚΑ.
286 325 355 392 ἐπεὶ
382 323 447 412 γὰρ
476 323 595 411 ὅμοιόν
623 321 752 391 ἔστιτὸ
778 331 881 390 ΑΒΕ
907 329 1077 410 τρίγωνον
1100 327 1147 416 τῷ

129 437 234 498 ΖΗΛ
251 430 415 521 τριγώνῳ,
434 428 472 497 τὸ
492 437 596 498 ΑΒΕ
611 428 678 519 ἄρα
696 435 863 516 τρίγωνον
882 428 965 516 πρὸς
983 427 1021 496 τὸ
1042 437 1149 497 ΖΗΛ

129 539 329 604 διπλασίονα
361 536 465 622 λόγον
496 541 562 622 ἔχει
594 534 678 623 ἥπερ
710 533 731 621 ἡ
765 543 831 602 ΒΕ
860 533 943 623 πρὸς
973 534 1036 622 τὴν
1066 544 1148 604 ΗΛ.

130 640 186 708 διὰ
209 641 247 709 τὰ
274 641 360 711 αὐτὰ
385 643 427 729 δὴ
447 644 502 710 καί
521 640 558 709 τὸ
578 648 679 709 ΒΕΓ
698 647 865 728 τρίγωνον
884 641 967 730 πρὸς
984 642 1022 709 τὸ
1043 650 1149 710 ΗΛΘ

94 752 296 833 στοίγωνον
329 751 528 815 διπλασίονα
560 748 664 833 λόγον
697 753 763 834 ἔχει
800 746 884 836 ἥπερ
917 744 938 834 ἡ
968 755 1035 815 ΒΕ
1065 747 1150 837 πρὸς

128 851 191 940 τὴν
213 861 293 921 ΗΛ.
340 859 430 922 ἔστιν
455 853 520 942 ἄρα
544 851 589 934 ὡς
611 852 649 922 τὸ
672 861 776 921 ΑΒΕ
803 860 970 942 τρίγωνον
1000 851 1082 942 πρὸς
1110 853 1149 922 τὸ

130 965 233 1026 ΖΗΛ
255 965 433 1048 τρίγωνον,
457 960 565 1038 οὕτως
586 958 624 1027 τὸ
648 966 751 1028 ΒΕΓ
768 959 851 1049 πρὸς
874 959 912 1028 τὸ
936 967 1049 1027 ΗΛΘ.
1086 963 1150 1029 πιλ-

128 1071 184 1132 λιν
216 1067 286 1133 ἐπεὶ
319 1064 438 1152 ὅμοιόν
467 1068 563 1149 [ἐστι]
592 1064 630 1133 vo*
653 1071 753 1134 ΕΒΓ
777 1072 946 1151 τρίγωνον
972 1069 1018 1154 τῷ
1043 1073 1150 1133 ΛΗΘ

128 1171 297 1264 τριγώνῳ,
330 1168 367 1239 τὸ
400 1177 500 1238 ΕΒΓ
527 1170 592 1259 ι’λρα
625 1170 708 1260 πρὸς
739 1172 776 1240 τὸ
810 1177 913 1239 ΛΗΘ
946 1176 1149 1240 διπλασίονα

77 1292 111 1342 10
130 1273 233 1361 λόγον
257 1281 323 1363 ἔχει
347 1273 429 1364 ἤπερ
453 1273 474 1363 ἡ
499 1283 563 1344 ΓΕ
586 1275 705 1346 εὐθεῖα
727 1276 810 1365 πρὸς
828 1276 890 1365 τὴν
909 1285 982 1346 ΘΛ.
1029 1277 1087 1345 διὰ
1106 1278 1149 1346 τά

130 1379 215 1449 αὐτὰ
243 1381 285 1469 δὴ
314 1382 370 1449 καὶ
398 1380 429 1449 τί
464 1387 561 1449 ΕΓΔ
588 1389 755 1471 τρίγωνον
785 1382 868 1471 πρὸς
894 1380 932 1450 τὸ
955 1389 1059 1449 ΛΘΚ
1080 1390 1149 1472 τρί-

129 1513 242 1572 γωνον
271 1491 472 1554 διπλασίονα
498 1487 603 1572 λόγον
635 1493 701 1576 ἔχει
729 1487 813 1578 ἤπερ
841 1485 862 1576 ἡ
892 1495 956 1556 ΓΕ
980 1485 1071 1577 πρὸξ
1086 1489 1149 1576 τὴν

129 1598 204 1660 ΘΛ.
250 1596 344 1659 ἔστιν.
359 1589 424 1679 ἄρα
449 1589 493 1672 ὡς
511 1592 544 1660 τί
569 1600 672 1661 ΒΕΓ
688 1601 855 1681 τρίγωνον
874 1593 957 1684 πρὸς
974 1595 1012 1662 τὸ
1031 1602 1149 1682 ΛΗΘ,

131 1697 237 1776 οὕτως
263 1695 301 1766 τὸ
329 1703 432 1765 ΓΕΔ
458 1697 541 1787 πρὸς
570 1697 608 1766 τὸ
638 1705 747 1768 ΛΘΚ.
793 1703 929 1787 ἐδείχθη
958 1699 996 1768 δὲ
1023 1702 1079 1769 ναί
1104 1700 1150 1783 ὡς

79 1823 111 1872 15
130 1801 168 1870 τὸ
201 1808 301 1871 ΕΒΓ
326 1803 411 1892 πρὸς
442 1804 479 1872 τὸ
512 1813 632 1892 ΛΗΘ,
666 1805 773 1885 οὕτως
805 1804 843 1874 τὸ
872 1813 976 1874 ΑΒΕ
1000 1807 1084 1896 πρὸς
1111 1805 1150 1876 τὸ

132 1915 242 1976 ΖΗΛ.
288 1910 344 1976 καὶ
373 1907 418 1990 ὡς
445 1909 509 2000 ἄρα
536 1909 573 1980 τὸ
598 1918 701 1978 ΑΒΕ
721 1909 804 1999 πρὸς
831 1911 869 1980 τδ
895 1920 1013 2000 ΖΗΛ,
1042 1913 1151 1996 οὕτως

130 2016 161 2084 τὶ
192 2022 293 2084 ΒΕΓ
311 2015 396 2104 πρὸς
419 2014 456 2084 τὸ
479 2024 585 2084 ΗΛΘ
607 2017 663 2084 καὶ
686 2017 724 2085 τὸ
750 2024 847 2086 ΕΓΛ
870 2019 953 2106 πρὸς
975 2017 1012 2087 τὸ
1032 2028 1149 2089 ΑΘΚ·

67 2196 69 2202 ,
132 2123 212 2210 ὅπερ
237 2127 304 2189 ἔδει
329 2124 442 2204 δεῖξαι.
484 2214 490 2227 ἡ
846 2126 849 2131 ’

569 2284 631 2370 vl,
655 2287 707 2351 ιι.

77 2439 113 2490 20
555 2422 710 2504 Ἄλλως.

189 2546 297 2614 Ἔστω
321 2545 386 2634 γὰρ
410 2547 511 2616 πάλιν
533 2546 554 2635 ἡ
579 2557 644 2615 ΑΒ
667 2557 832 2636 τμηθεῖσα
857 2554 934 2637 δίχα
957 2549 1040 2618 κατὰ
1063 2551 1101 2619 τὸ
1121 2558 1153 2620 Γ

205 2731 228 2778 1.
250 2721 323 2794 ἔστι]
343 2744 379 2780 m.
399 2730 414 2778 2
434 2725 465 2779 Ε.
524 2732 549 2780 2.
568 2723 642 2797 ἄρα]
663 2743 717 2781 om.
737 2726 769 2782 V.
803 2757 806 2762 -
829 2732 855 2782 4.
875 2727 974 2854 ΒΕΓ]
994 2723 1149 2783 ”Ε’ΒΓΕ.

135 2802 158 2849 7.
179 2795 246 2849 Post
264 2795 430 2852 BEFadd.
450 2798 587 2865 τρίγωνον
606 2797 666 2866 Bp,
685 2795 836 2856 m.2Fv.
910 2804 935 2854 8.
972 2799 1148 2870 στι]οιιι.Ρ.

135 2873 175 2920 10.
200 2862 321 2936 εὐθεῖα]
345 2885 382 2922 m.
407 2873 422 2920 2
447 2867 479 2920 V.
573 2874 613 2921 11.
638 2869 737 2938 ΕΓΔ]
761 2885 830 2923 corr.
854 2885 888 2923 ex
913 2872 999 2937 ΓΕΔ
1023 2887 1060 2922 m.
1087 2877 1148 2939 lp.

132 2933 203 3006 πρὸς
222 2933 253 2990 τὸ
273 2939 360 2991 ΛΘΚ
377 2939 534 3062 τρίγωνον]
544 2956 600 3008 mg.
620 2956 656 2992 m.
672 2945 688 2992 2
704 2940 735 3005 Β,
754 2956 808 2994 om.
824 2957 858 3007 p;
878 2942 1047 2996 διπλασίονα
1065 2937 1150 3010 λόγον

134 3006 192 3078 ἔχει
210 3005 281 3077 πρός
299 3009 329 3061 in
346 3025 402 3064 ras.
422 3015 494 3062 m.2
541 3027 624 3078 38eq.
644 3006 675 3063 τὸ
695 3011 783 3064 ΑΘΚ
799 3013 935 3080 τρίγωνον
954 3030 992 3067 m.
1012 3017 1037 3066 1.
1107 3018 1149 3068 12.

133 3081 301 3134 διπλασιόνα
314 3074 399 3146 λόγον
413 3077 482 3147 ἔχει]
497 3079 527 3132 in
549 3096 603 3134 ras.
623 3098 658 3133 m.
678 3095 733 3134 reo.
753 3081 782 3136 F.
840 3087 881 3135 13.
901 3082 1000 3154 ΒΕΓ]
1021 3083 1149 3137 ΕΒΓΡ.

134 3156 176 3206 14.
198 3151 299 3221 ΓΕΔ]
320 3153 401 3204 ΕΓΔ
420 3149 449 3203 P.
542 3156 583 3204 15.
604 3153 685 3203 ABE
703 3148 790 3222 πρός]
819 3151 848 3206 in
867 3168 921 3210 rae.
940 3171 977 3207 m.
998 3158 1013 3205 2
1033 3153 1071 3220 V,
1092 3170 1121 3208 se
1143 3196 1150 3209 .

133 3216 203 3288 πρός
225 3239 262 3276 m.
287 3228 310 3276 1.
386 3227 427 3276 16.
447 3221 495 3274 παλ
521 3216 557 3282 ὡς
581 3215 685 3289 ἄρα-
703 3228 748 3277 17:
773 3226 859 3276 ΒΕΓ
879 3219 967 3347 πρός]
992 3223 1022 3277 in
1045 3240 1099 3281 ras.
1120 3172 1149 3280 Β.

136 3298 176 3345 17.
197 3293 296 3363 ΒΕΓ]
321 3297 341 3345 Β
365 3292 395 3345 in
418 3308 471 3346 ras,
498 3310 534 3347 m.
554 3297 570 3345 2
589 3293 623 3348 V.
713 3292 784 3349 Post
801 3296 890 3348 ΛΘΚ
906 3295 942 3350 ad
966 3338 971 3350 .
992 3294 1081 3383 BVJJ:
1101 3297 1151 3349 καὶ

134 3356 172 3447 ὡς
190 3358 246 3447 ᾅρα
259 3361 293 3416 ἓν
307 3365 363 3417 τῶν
378 3360 543 3452 ἡγουμένων
558 3361 629 3434 πρὸς
640 3360 675 3418 ἓν
691 3364 745 3418 τῶν
761 3361 916 3436 ἑπομένων,
930 3362 1020 3428 οὕτως
1034 3385 1151 3420 απαντα

134 3450 168 3484 τα
188 3428 333 3502 ηνοιλμενα
352 3435 423 3504 πρὸς
441 3453 556 3489 απαντα
575 3433 610 3489 τὰ
631 3431 757 3506 ἑπόμενα
776 3437 825 3491 καί
843 3433 877 3491 τὰ
897 3433 982 3492 λοιπά
1002 3433 1040 3498 ὣς
1060 3434 1091 3491 ἐν
1115 3440 1149 3510 τῇ

134 3503 257 3574 προτέρᾳ
276 3506 377 3571 δείξεις
397 3505 473 3560 idem
491 3507 525 3575 Γ,
545 3507 595 3560 sed
613 3510 712 3577 postea
730 3507 825 3563 insert.
843 3509 873 3563 in
890 3525 944 3563 ras.
1020 3515 1062 3563 19.
1082 3509 1151 3564 Post

67 3578 151 3696 ,ι
