2446 3938
131 186 197 251 376
509 186 710 240 zronnlon
727 182 772 239 ε’.

132 333 199 397 τῶν
229 335 312 411 ΔΕ,
333 334 394 394 ΕΖ
422 326 554 412 πρῶτός
581 329 679 395 ἐστιν.
726 323 810 394 ἀλλὰ
844 324 911 413 μὴν
943 327 1006 395 καὶ
1042 326 1064 409 6
1096 335 1164 398 ΔΕ

132 433 216 521 πρὸς
242 432 303 501 τὸν
333 441 396 502 ΕΖ
423 433 553 521 πρῶτός
581 434 684 501 ἐστιν·
712 435 748 500 οἱ
773 440 855 516 ΔΖ,
874 440 945 500 ΔΕ
974 433 1046 523 ἄρα
1078 434 1161 525 πρός

133 541 194 607 τὸν
217 547 280 606 ΕΖ
302 544 432 626 πρῶτοί
448 543 542 606 εἰσιν.
584 538 644 606 ἐὰν
668 537 706 607 δὲ
729 537 792 606 δύο
812 537 954 626 ἀριθμοὶ
974 542 1067 629 πρός
1087 569 1159 611 τινα

135 644 284 733 ἀριθμὸν
316 651 442 733 πρῶτον
476 637 575 731 ὦσιν,
607 646 663 712 καὶ
696 643 713 713 6
753 647 786 726 ἐξ
819 643 932 714 αὐτῶν
969 648 1160 735 γενόμενος

99 751 217 838 δπρὸς
244 750 303 820 τὸν
332 749 451 819 λοιπὸν
478 751 607 839 πρῶτός
634 755 738 820 ἐστιν·
767 750 850 820 ὥστε
878 750 896 820 6
920 755 956 820 ἐκ
980 758 1055 822 τῶν
1082 762 1159 840 ΖΔ,

136 867 205 927 ΔΕ
226 857 309 946 πρὸς
331 855 390 925 τὸν
415 866 477 926 ΕΖ
499 858 629 943 πρῶτός
652 861 755 926 ἐστιν·
784 857 946 926 ὥστεκαὶ
971 857 991 927 ὁ
1021 863 1061 928 ἐκ
1091 865 1159 929 τῶν

136 973 217 1050 ΖΔ,
238 972 307 1031 ΔΕ
328 963 411 1051 πρὸς
433 963 493 1031 τὸν
517 962 582 1030 ἀπὸ
605 969 666 1032 τοῦ
693 971 752 1031 ΕΖ
775 963 906 1052 πρῶτός
935 966 1038 1034 ἐστιν.
1081 964 1157 1051 [ἐὰν

135 1069 199 1159 γὰρ
228 1069 290 1138 660
319 1070 461 1157 ἀριθμοὶ
488 1074 614 1157 πρῶτον
641 1068 725 1158 πρὸς
753 1069 919 1156 ἀλλήλους
942 1063 1045 1158 ὦσιν,
1078 1070 1098 1140 6
1124 1074 1160 1141 ἐκ

135 1186 196 1246 τοῦ
224 1176 300 1256 ἑνὸς
327 1175 440 1245 αὐτῶν
468 1177 648 1263 γενόμενος
675 1174 758 1263 πρὸς
785 1176 844 1247 τὸν
872 1176 993 1246 λοιπὸν
1022 1179 1160 1267 πρῶτός

85 1297 117 1345 10
137 1288 251 1369 ἐστιν]
298 1281 371 1351 ἀλλ’
397 1281 416 1352 6
440 1286 566 1352 ἐκτῶν
590 1291 672 1369 ΖΔ,
692 1291 762 1351 ΔΕ
784 1282 802 1352 6
826 1283 892 1352 ἀπὸ
915 1287 976 1352 τοῦ
996 1291 1071 1351 ΔΕ
1089 1288 1158 1353 ἐστι

136 1389 217 1478 μετὰ
242 1395 303 1459 τοῦ
327 1393 362 1458 ἐκ
385 1395 453 1458 τῶν
478 1398 561 1474 ΔΕ,
581 1397 656 1456 ΕΖ·
680 1387 698 1457 6
723 1389 789 1478 ἄρα
813 1386 877 1458 ἀπὸ
901 1393 962 1457 τοῦ
983 1398 1056 1457 ΔΕ
1075 1389 1157 1477 μετὰ

136 1501 198 1565 τοῦ
222 1499 257 1563 ἐκ
280 1499 348 1563 τῶν
372 1503 452 1581 ΛΕ,
472 1503 534 1561 ΕΖ
561 1494 645 1581 πρὸς
667 1493 727 1564 τὸν
751 1492 816 1563 ἀπὸ
840 1499 901 1563 τοῦ
929 1503 993 1562 ΕΖ
1023 1495 1159 1582 πρῶτός

138 1605 236 1671 ἐστιν.
281 1606 340 1667 καί
366 1603 456 1668 ἐστιν
483 1598 501 1668 6
530 1601 592 1688 μὲν
619 1600 685 1669 ἀπὸ
713 1610 774 1670 τοῦ
799 1610 869 1669 ΔΕ
891 1599 909 1669 6
933 1611 981 1686 A,
1012 1599 1031 1669 6
1057 1602 1099 1669 δὲ
1123 1604 1157 1670 ἐκ

138 1711 205 1775 τῶν
230 1715 312 1792 ΛΕ,
332 1713 395 1773 ΕΖ
418 1704 436 1774 6
460 1714 504 1792 Β,
529 1705 546 1775 6
572 1707 609 1776 δὲ
633 1706 698 1776 ἀπὸ
723 1713 784 1777 τοῦ
804 1715 866 1775 ΕΖ
890 1705 908 1775 6
931 1713 973 1775 Γ·
1003 1709 1039 1775 οἱ
1061 1715 1157 1793 Α,Β

87 1826 119 1874 16
138 1811 204 1901 ἄρα
232 1816 450 1894 συντεθέντες
477 1813 560 1902 πρὸς
587 1814 648 1883 τὸν
675 1822 708 1883 Γ
731 1819 860 1904 πρῶτοί
887 1819 982 1883 εἰσιν.
1031 1810 1160 1900 ὁμοίως

139 1917 181 2005 66
215 1920 382 2006 δείξομεν,
415 1918 467 1988 ὅτι
498 1922 554 1988 καὶ
583 1925 618 1989 ολ
643 1929 688 2008 Β,
707 1928 738 1989 Γ
766 1919 849 2010 πρὸς
879 1920 941 1989 τὸν
967 1929 1001 1986 Α
1029 1925 1161 2006 πρῶτοί

139 2029 234 2094 εἰσιν.
279 2027 364 2113 λέγω
389 2026 442 2113 δή,
467 2025 518 2095 ὅτι
541 2028 597 2094 καὶ
621 2030 656 2095 06
677 2036 720 2113 A,
739 2034 771 2096 Γ
790 2027 873 2115 πρὸς
894 2025 956 2094 τὸν
975 2032 1004 2093 Β
1028 2031 1163 2114 πρῶτοί

140 2137 234 2201 εἰσιν.
281 2132 350 2201 ἐπεὶ
373 2132 438 2221 γὰρ
464 2131 481 2200 6
507 2142 573 2201 ΔΖ
597 2132 681 2222 πρὸς
704 2133 861 2220 ἑκάτερον
888 2137 957 2201 τῶν
988 2140 1076 2218 ΔΕ,
1098 2139 1160 2199 ΕΖ

139 2239 271 2326 πρῶτός
299 2242 404 2325 ἐστιν,
433 2240 488 2306 καὶ
518 2237 536 2308 6
565 2237 630 2307 ἀπὸ
659 2243 720 2307 τοῦ
745 2245 812 2306 ΛΖ
834 2236 917 2327 πρὸς
939 2235 1000 2305 τὲν
1025 2240 1063 2306 ἐν
1091 2244 1161 2307 τῶν

87 2355 122 2403 20
142 2352 224 2429 ΔΕ,
245 2352 306 2411 ΕΖ
330 2345 460 2432 πρῶτός
484 2348 583 2413 ἐστιν.
629 2343 714 2413 ἀλλὰ
737 2350 783 2438 τῷ
807 2343 873 2412 ἀπὸ
898 2348 959 2412 τοῦ
991 2352 1059 2411 ΔΖ
1091 2353 1161 2414 ἴσοι

140 2450 227 2517 εἰσὶν
251 2453 287 2517 ολ
307 2448 372 2518 ἀπὸ
395 2455 464 2519 τῶν
488 2460 567 2538 ΛΕ,
588 2459 650 2518 ΕΖ
674 2449 754 2537 μετὰ
773 2455 834 2518 τοῦ
855 2451 906 2530 δὶς
926 2452 961 2517 ἐκ
984 2455 1055 2518 τῶν
1078 2459 1161 2538 ΔΕ,

141 2562 216 2622 ΕΖ·
248 2556 304 2622 καὶ
337 2560 372 2624 ολ
403 2555 468 2624 ἀπὸ
502 2562 570 2625 τῶν
604 2564 688 2641 ΔΕ,
708 2565 771 2624 ΕΖ
804 2555 869 2645 ἄρα
902 2554 982 2642 μετὰ
1009 2560 1074 2624 ’τοῦ
1110 2558 1165 2637 δὶς

141 2660 206 2729 ὑπὸ
231 2666 299 2730 τῶν
323 2670 407 2749 ΔΕ,
427 2671 489 2730 ΕΖ
512 2662 595 2749 πρὸς
618 2660 678 2730 τὸν
701 2659 766 2730 ὑπὸ
790 2666 859 2731 τῶν
885 2669 962 2748 ΛΕ,
981 2669 1046 2729 ΕΖ
1073 2669 1166 2751 πρῶ·

142 2773 197 2834 τοί
224 2772 326 2850 [elad.
373 2769 518 2838 διελόντι
547 2772 582 2837 ολ
607 2767 673 2837 ἀπὸ
702 2771 770 2836 τῶν
795 2776 878 2853 ΛΕ,
899 2775 961 2835 ΕΖ
988 2767 1069 2856 μετὰ
1100 2773 1166 2838 τοῦ

215 3013 362 3078 nummo:
374 3011 491 3068 εἴσιτε
463 3034 510 3083 ος
524 3011 720 3101 τονΕΖἿφ
758 3034 828 3083 προς
842 3034 893 3068 τον
907 3013 1078 3084 ΕΖ]0111Β
1140 3025 1165 3074 3

143 3083 232 3153 εἰτιᾳ.
271 3080 324 3140 ἐαν
338 3082 415 3138 δε
427 3092 457 3139 6:
473 3105 582 3151 πρωτος
597 3081 683 3157 ἐστιν]
695 3104 748 3140 om
759 3085 856 3140 Theon
867 3084 1002 3155 (Bqu)
1041 3081 1166 3176 ὅῶστε]

143 3159 195 3211 καί
214 3155 311 3211 Theon
326 3155 460 3226 (Bthq)
510 3157 576 3241 ΖΔ]
597 3161 751 3248 ΔΖφᾳεὴ
764 3156 794 3210 in
814 3174 867 3213 ras
882 3157 915 3212 V
979 3163 1003 3210 6.
1023 3155 1128 3210 ΔΕ”
1107 3179 1146 3226 aq
1148 3179 1167 3213 α

143 3228 241 3282 Theon
260 3226 356 3297 (6qu
364 3231 405 3296 q)
463 3235 487 3282 6.
507 3221 576 3280 ὥστε
597 3229 693 3280 καί-
708 3234 736 3281 7:
761 3224 870 3295 πρῶτός
886 3222 977 3352 ἔστιν]
992 3244 1046 3281 0111
1063 3227 1167 3285 Theon

144 3297 280 3366 (Bqu).
371 3305 395 3353 8.
416 3295 486 3387 γάρ]
514 3296 547 3352 (λε’
570 3299 668 3353 Theon
691 3298 826 3385 (Bqu).
918 3293 1004 3381 ἒκ]’
987 3296 1044 3352 aad
1065 3298 1169 3356 Theon

145 3367 278 3452 (Bthq).
354 3375 394 3423 10.
403 3365 514 3456 ἐστιν]
539 3369 602 3422 add.
627 3369 735 3423 Theon.
760 3364 829 3423 ὥστε
854 3363 869 3422 6
894 3363 926 3422 ἐκ
945 3388 1000 3421 των
1020 3372 1087 3435 ΖΔ,
1108 3375 1168 3426 ΔΕ

144 3436 193 3488 καὶ
220 3437 290 3504 πρὸς
317 3435 368 3494 τὸν
393 3435 450 3494 ἀπὸ
475 3442 525 3494 τοῦ
550 3444 601 3494 ΕΖ
625 3437 734 3507 πρῶτός
759 3436 834 3495 ἔστιν
858 3438 994 3508 (Βνφᾳ).
1036 3437 1110 3495 ἄλλά
1136 3442 1168 3497 Ρ

146 3505 221 3561 ἐστιν
244 3507 332 3577 Ρνφ.
427 3517 469 3565 11.
494 3506 622 3580 ἐν]ὑττὸ
648 3529 665 3578 q
689 3513 718 3565 ελ
743 3527 828 3581 supra
854 3527 904 3564 sor.
929 3529 965 3564 m.
985 3511 1055 3565 2V.
1152 3506 1182 3569 6
