2446 3938
98 181 163 244 314
473 184 676 237 Στοιεωιαα
693 180 733 252 η’.

96 349 191 407 τερος
219 322 256 390 δὲ
277 327 347 390 τῶν
371 329 414 409 Γ,
435 333 468 391 A
490 324 551 393 τὸν
574 332 601 391 Ζ
628 306 923 403 πολλαπλασιάσας
953 324 1121 413 ἑκάτερον

96 433 165 496 των
188 437 232 513 Θ,
253 436 285 495 Κ
307 435 450 497 ποιείτω.
490 430 642 517 φανερὸν
666 430 725 518 δῆ,
749 429 801 499 ὅτι
825 433 860 498 οἱ
881 438 921 515 Ε,
941 438 980 513 Ζ,
1000 440 1044 499 H
1062 432 1121 500 καὶ

98 538 133 601 oc
154 544 197 619 A,
216 543 255 621 Θ,
276 542 318 619 K,
337 541 366 601 B
390 535 465 620 ἑξῆς
483 533 653 622 ἀνάλογόν
677 543 763 606 είσιν
783 540 820 605 ἑν
837 541 884 626 τῷ
901 540 965 605 τοῦ
984 543 1021 605 Γ
1034 538 1122 626 πρὸς

99 639 160 708 τὸν
184 650 218 708 Δ
240 641 338 732 λόγῳ.
380 642 436 707 καὶ
460 642 528 708 ἐπεὶ
553 646 588 708 οί
608 652 651 729 A,
670 651 710 729 Θ,
729 651 772 727 Κ,
791 650 821 711 Β
845 644 919 728 ἑξῆς
941 639 1123 730 ἀνάλογόν

62 752 199 832 σείσιν,
222 747 277 813 καὶ
301 760 414 833 μετρεῖ
436 747 453 814 6
478 756 510 813 A
532 746 593 814 τὸν
617 756 660 833 Β,
689 762 802 834 μετρεῖ
822 747 889 833 ἄρα
910 748 968 815 καί
992 746 1058 818 τὸν
1082 756 1122 818 Θ.

98 859 157 920 καί
177 857 268 922 ἐστιν
291 851 337 932 ὡς
360 854 378 922 6
403 863 435 920 A
457 851 541 937 πρὸς
563 852 624 921 τὸν
647 862 691 937 Θ,
715 854 822 935 οὕτως
844 853 863 923 6
888 860 920 923 Γ
941 852 1032 941 πρὸς
1053 854 1120 923 τὸν

99 969 145 1027 Δ·
169 973 283 1047 μετρεῖ
304 959 370 1046 ἄρα
393 959 449 1025 καί
473 956 491 1027 6
517 965 549 1027 Γ
566 957 626 1026 τὸν
650 967 692 1028 A.

162 1063 259 1132 Ἀλῖὰ
289 1062 330 1151 Θῆ
359 1071 516 1151 μετρείτω
545 1064 563 1132 6
593 1070 626 1131 Γ
647 1062 707 1132 τὸν
732 1073 776 1131 A·
805 1067 904 1151 λέγω,
936 1067 988 1135 ὅτι
1013 1068 1074 1135 καὶ
1099 1094 1120 1137 ο

99 1182 130 1239 A
152 1170 213 1239 τὸν
236 1177 265 1236 Β
288 1170 451 1259 μετρήσει.
1207 1251 1208 1258 ¹

48 1292 80 1339 ιο
169 1281 244 1345 Τῶν
280 1275 345 1362 γὰρ
383 1274 496 1345 αὐτων
531 1276 872 1343 κατασκευασθέντων
909 1274 1036 1361 ὁμοίως
1075 1276 1121 1365 Θῆ
1207 1365 1208 1370 ¹

99 1386 267 1469 δείξομεν,
292 1381 344 1450 ὅτι
368 1385 403 1449 οί
423 1391 470 1465 A,
489 1389 533 1466 Θ,
551 1389 599 1467 Κ,
618 1389 647 1448 Β
671 1382 746 1467 ἑξῆς
769 1378 940 1468 ἀνάλογόν
964 1386 1055 1451 είσιν
1081 1387 1121 1453 ἐν
1205 1461 1208 1472 ¹

98 1494 143 1579 τῷ
171 1493 233 1556 τοῦ
260 1494 293 1555 Γ
315 1486 399 1573 πρὸς
424 1486 486 1554 τὸν
514 1496 547 1553 A
575 1487 673 1578 λόγῳ.
718 1487 774 1554 καὶ
803 1488 872 1555 ἐπεὶ
896 1486 914 1556 6
940 1494 972 1556 Γ
989 1488 1058 1557 τὸν
1083 1500 1121 1557 A

99 1608 224 1679 μετρεῖ,
257 1599 316 1659 καί
340 1596 430 1661 ἐστιν
459 1591 504 1672 ὡς
527 1591 544 1661 6
570 1600 602 1661 Γ
625 1594 708 1681 πρὸς
734 1592 794 1661 τὸν
818 1602 867 1679 A,
896 1591 1004 1672 οὕτως
1034 1594 1054 1663 6
1086 1606 1121 1665 A

99 1697 182 1783 πρὸς
208 1697 269 1767 τὸν
296 1706 340 1784 Θ,
372 1700 428 1766 καὶ
456 1698 474 1768 ὁ
503 1711 534 1767 A
561 1699 627 1788 ἄρα
650 1699 709 1769 τὸν
733 1707 762 1767 Θ
788 1712 914 1786 μετρεῖ·
942 1699 1030 1768 ὥστε
1061 1703 1121 1769 καὶ

49 1828 80 1874 15
99 1805 161 1873 τὸν
184 1813 213 1872 Β
237 1819 349 1892 μετρεῖ
371 1806 388 1874 6
414 1817 459 1875 A·
483 1806 564 1895 ὅπερ
589 1813 656 1875 ἔδει
680 1809 795 1888 δεῖξαι.

577 2001 633 2073 ις’.

164 2122 251 2191 Ἐὂιν
270 2125 519 2211 τετράγωνος
537 2123 710 2211 ἀριθμὸς
728 2125 981 2212 τετράγωνον
994 2119 1121 2210 ἀριθ-

100 2225 174 2313 μὸν
211 2227 260 2314 μῆ
298 2234 432 2317 μετρῆ,
471 2226 565 2297 οὐδὲ
600 2230 620 2316 ῆ
652 2227 802 2314 πλευρὰ
833 2227 904 2315 τῆν
936 2229 1121 2316 πλευρὰν

100 2333 299 2420 μετρῆσει·
331 2331 404 2401 κᾶν
436 2335 457 2420 ῆ
491 2334 641 2419 πλευρὰ
669 2335 740 2421 τῆν
762 2331 937 2421 πλευρὰν
967 2332 1013 2420 μί
1049 2363 1120 2422 με-

47 2443 187 2527 εοτρῆ,
220 2437 315 2507 οὐδὲ
342 2439 360 2506 6
388 2444 634 2526 τετράγωνος
660 2440 731 2509 τὸν
762 2439 1014 2529 τετράγωνον
1050 2469 1121 2528 με-

99 2546 245 2632 τρῆσει

156 2651 331 2719 Ἔστωσαν
358 2651 561 2739 τετράγωνοι
590 2650 732 2736 ἀριθμοὶ
761 2654 796 2718 οί
822 2660 869 2736 A,
894 2657 938 2736 Β,
970 2654 1120 2741 πλευραὶ

100 2758 137 2825 ὁὲ
161 2755 273 2825 αὐτῶν
297 2764 445 2826 ἔστωσαν
469 2762 504 2826 oc
525 2764 563 2841 Γ,
584 2768 627 2843 A,
650 2759 705 2825 καὶ
725 2755 769 2843 μῆ
789 2763 945 2843 μετρείτω
965 2757 983 2824 6
1004 2768 1037 2825 A
1055 2763 1121 2831 τὸν

100 2870 141 2930 Β·
165 2864 268 2948 λέγω,
292 2861 344 2930 ὅτι
368 2863 447 2932 οὐδὲ
471 2861 488 2931 6
513 2870 545 2932 Γ
563 2863 625 2931 τὸν
648 2873 681 2930 A
703 2877 822 2950 μετρεῖ.

47 2992 82 3039 ⁴25
167 2973 212 3036 Εί
235 2967 299 3056 γὰρ
324 2983 436 3057 μετρεῖ
457 2970 475 3037 6
501 2975 533 3036 Γ
550 2967 611 3037 τὸν
635 2978 678 3055 A,
703 2970 857 3056 μετρήσει
879 2971 935 3038 καὶ
959 2968 977 3039 6
1003 2981 1034 3038 A
1053 3000 1120 3042 τον

101 3083 138 3144 Β.
184 3071 226 3143 οὐ
254 3090 367 3163 μετρεῖ
388 3075 425 3143 δὲ
454 3073 471 3143 6
497 3086 528 3143 A
554 3074 613 3143 τὸν
636 3082 677 3142 Β·
707 3074 787 3144 οὐδὲ
810 3076 876 3165 ἄρα
900 3077 918 3146 6
942 3083 974 3145 Γ
996 3075 1059 3145 τὸν
1084 3089 1121 3147 A
1217 3144 1220 3150 .

100 3182 263 3269 μετρήσει.

172 3384 196 3432 3.
217 3375 261 3448 οἵ]
282 3395 336 3431 om.
355 3377 418 3444 ch.
509 3382 534 3431 5.
555 3376 607 3431 εἰσι
626 3378 688 3446 Vm.
782 3385 805 3432 6.
826 3379 867 3449 Θ]
892 3395 946 3433 om.
966 3398 996 3445 φ.
1093 3387 1119 3435 7.
1181 3346 1184 3350 ”

102 3455 201 3515 μετρεῖ
220 3446 276 3516 ἄρα
300 3447 350 3501 καὶ
373 3443 388 3502 ὁ
414 3452 440 3502 Γ
460 3444 511 3501 τὸν
531 3449 572 3518 A]
592 3466 647 3518 mg.
666 3467 704 3502 m.
725 3455 738 3503 1
760 3450 789 3503 P.
880 3455 905 3502 9.
925 3449 1065 3519 μετρείσει
1085 3472 1118 3513 ω.

103 3525 144 3574 10.
164 3514 253 3574 αὐτόν
273 3538 303 3587 φ.
389 3517 442 3589 δή]
463 3535 517 3572 om.
536 3519 568 3574 B.
656 3525 697 3573 12.
716 3515 779 3591 τόν]
799 3537 852 3574 om.
872 3518 903 3574 P.
989 3520 1057 3591 καί]
1078 3539 1118 3578 m.
