2446 3938
127 190 171 256 30
509 190 711 244 Στοιιιωιιυι
729 186 765 244 ε’.

127 332 212 401 ὥστε
240 334 342 401 πάλιν
369 332 407 401 τὸ
437 340 508 400 ΖΗ
529 335 591 400 τοῦ
615 338 660 398 Μ
677 331 739 399 οὔκ
763 333 853 400 ἐστιν
873 337 1023 400 ἔλασσον.
1071 347 1141 419 μεῖ-

127 447 184 522 ζον
215 440 252 508 δὲ
279 439 316 509 τὸ
344 447 413 508 ΗΘ
439 444 500 508 τοῦ
529 449 575 507 A·
604 437 687 508 ὅλον
714 438 780 524 ἄρα
803 438 841 508 τὸ
862 444 1011 507 ΖΘτῶν
1031 446 1142 525 AM,

125 549 275 616 τουτέστι
288 551 350 615 τοῦ
364 554 408 634 Ν,
422 544 583 635 ὑπερέχει.
616 545 653 615 τὸ
670 547 708 614 δὲ
722 552 757 613 K
769 551 832 614 τοῦ
847 554 886 613 Ν
897 542 959 633 οὐχ
977 544 1141 633 ὑπερέχει,

127 652 304 739 ἐπειδήπερ
332 653 388 719 καὶ
415 650 453 720 τὸ
483 659 555 720 ΖΗ
577 659 690 739 μεῖζον
718 648 760 720 ὂν
787 656 849 720 τοῦ
877 659 961 737 ΗΘ,
989 653 1141 720 τουτέστι

92 764 187 828 5τοῦ
220 766 267 845 Κ,
299 769 360 828 τοῦ
394 766 433 826 Ν
444 757 523 844 ὀὐχ
559 757 719 848 ὑπερέχει.
769 761 824 827 καὶ
853 757 1011 839 ὡσαύτως
1043 786 1141 826 κοιτα-

124 871 374 945 νιολουθοῦντες
400 880 470 944 τοῖς
500 863 611 934 ἐπάνω
639 870 841 954 περαίνομεν
868 866 930 952 τὴν
957 864 1139 946 ἀπόδειξιν.

197 977 274 1040 Τῶν
297 971 363 1058 ἄρα
386 970 515 1040 ἀνίσων
534 977 690 1058 μεγεθῶν
708 971 745 1040 τὸ
766 979 878 1058 μεῖζον
897 971 979 1059 πρὸς
997 971 1035 1040 τὸ
1055 969 1138 1040 αὐτὸ

126 1085 261 1165 μείζονα
291 1077 394 1163 λόγον
427 1083 493 1164 ἔχει
525 1076 608 1167 ἥπερ
640 1077 677 1146 τὸ
709 1083 861 1146 ἔλαττον·
892 1079 949 1147 καὶ
985 1077 1023 1146 τὸ
1056 1076 1140 1146 αὐτὸ

125 1183 210 1272 πρὸς
245 1183 283 1253 τὸ
316 1190 452 1251 ἔλαττον
480 1190 615 1270 μείζονα
645 1184 750 1270 λόγον
778 1190 844 1272 ἕχει
876 1184 960 1273 ἥπερ
983 1184 1067 1271 πρὸς
1099 1184 1139 1253 τὸ

74 1304 108 1352 10
127 1298 251 1378 μεῖζον·
275 1289 357 1377 ὅπερ
381 1295 448 1358 ἔδει
473 1293 586 1372 δεῖξαι.

606 1486 655 1554 θ’.

196 1609 248 1677 Τὰ
276 1609 372 1698 πρὸς
399 1609 440 1678 τὸ
472 1610 567 1679 αὐτὸ
596 1609 665 1680 τὸν
693 1609 816 1679 αὐτὸν
845 1617 984 1699 ἔχοντα
1014 1611 1139 1696 λόγον

126 1725 190 1784 ἴσοι
221 1716 408 1804 ἀλλήλοις
436 1720 559 1785 ἐστίν·
589 1719 654 1785 καὶ
684 1717 784 1807 πρὸς
816 1715 838 1785 ἃ
869 1715 1036 1794 τὸέοιύτὸ
1067 1717 1141 1786 τὸν

126 1821 247 1891 αὐτὸν
272 1829 350 1911 ἔχει
374 1824 508 1911 λόγον,
532 1826 667 1892 ἐκεῖνοι
690 1833 755 1893 ἴσοι
779 1808 932 1894 ἐστίν’ιιι

72 1940 104 1988 15
188 1927 306 2017 Ἐχέτω
338 1929 403 2018 γὰρ
436 1930 594 2018 ἑκάτερον
625 1934 695 2000 τῶν
727 1939 818 2016 Α,Β
851 1956 934 2020 προς
956 1931 993 2000 τὸ
1023 1938 1055 2000 Γ
1077 1931 1140 2001 τὸν

125 2032 229 2105 αὐτὸν
252 2035 370 2123 λόγον·
393 2039 494 2124 λέγω,
519 2035 571 2106 ὅτι
594 2046 671 2106 ἴσον
695 2038 764 2105 ἐστὶ
787 2035 825 2106 τὸ
849 2048 881 2105 A
904 2043 950 2131 τῷ
970 2046 1009 2106 Β.

190 2148 235 2210 Εἰ
256 2143 320 2234 γὰρ
344 2143 400 2232 μή,
425 2143 487 2213 οὐκ
509 2141 554 2212 ἂν
578 2144 738 2230 ἑκάτερον
756 2147 825 2213 των
844 2154 886 2229 A,
902 2151 930 2211 Β
949 2143 1034 2231 πρὸς
1052 2142 1090 2211 τὸ
1110 2151 1144 2212 Γ

123 2249 183 2318 τὸν
211 2249 316 2319 αὐτὸν
343 2248 410 2337 εἶχε
437 2249 553 2335 λόχον·
584 2255 650 2336 ἔχει
678 2251 729 2318 δέ·
757 2259 833 2318 ἴσον
862 2249 927 2336 ἄρα
951 2251 1021 2318 ἐστὶ
1043 2248 1082 2318 τὸ
1106 2262 1139 2318 A

123 2362 169 2449 τῷ
189 2365 227 2425 Β.

72 2475 106 2524 20
189 2463 306 2551 Ἐχέτω
337 2461 380 2550 δὴ
407 2461 510 2531 πάλιν
539 2461 577 2531 τὸ
606 2470 638 2532 Γ
661 2463 743 2552 πρὸς
771 2462 928 2546 ἑκάτερον
955 2466 1023 2530 των
1046 2472 1093 2548 Α,
1109 2471 1139 2530 Β

124 2570 185 2640 τὸν
209 2569 313 2639 αὐτὸν
335 2569 455 2656 λόγον·
478 2571 580 2657 λέγω,
604 2569 656 2640 ὅτι
680 2579 756 2639 ἴσον
780 2571 849 2638 ἐστὶ
871 2567 909 2638 τὸ
933 2579 965 2637 Α
982 2573 1029 2662 τῷ
1049 2577 1087 2637 Β.

192 2681 237 2744 El
259 2675 323 2765 γὰρ
347 2675 403 2763 μή,
427 2674 491 2745 οὐκ
514 2674 559 2745 ἄν
580 2675 619 2747 τὸ
638 2684 671 2746 Γ
685 2675 768 2765 πρὸς
786 2676 944 2764 ἑκάτερον
962 2679 1032 2743 τῶν
1050 2685 1093 2760 Α,
1108 2683 1139 2743 Β

124 2781 186 2852 τὸν
214 2779 319 2850 αὐτὸν
347 2779 414 2871 εἶχε
431 2781 558 2870 ’λόγον’
587 2788 653 2871 ἔχει
681 2783 732 2850 δέ·
761 2790 837 2850 ἴσον
860 2780 926 2868 ἄρα
950 2782 1019 2849 ἐστὶ
1042 2781 1080 2850 τὸ
1105 2792 1138 2850 A

125 2876 172 2983 τςέ
190 2897 229 2958 Β.

71 3002 107 3055 25
196 2993 244 3063 Τὰ
273 2994 339 3083 ἄρα
365 2995 449 3085 πρὸς
475 2996 514 3065 τὸ
544 2993 626 3065 αὐτὸ
654 2992 715 3063 τὸν
743 2994 849 3097 αὐτὸν
881 3000 1001 3083 ἔχοντα
1033 2994 1140 3081 λόγον

125 3110 183 3173 ἴσα
210 3103 367 3191 ἀλλήλοις
395 3106 499 3172 ἐστίν·
527 3104 583 3171 καὶ
611 3100 694 3190 πρὸς
721 3099 742 3170 ἃ
770 3100 809 3171 τὸ
838 3101 920 3171 αὐτὸ
945 3100 1006 3170 τὸν
1031 3099 1139 3170 αὐτὸν

124 3214 190 3297 ἔχει
214 3209 333 3297 λόγον,
358 3213 469 3280 ἐκεῖνα
493 3218 549 3277 ἴσα
573 3212 676 3278 ἐστίν’
701 3210 782 3296 ὅπερ
806 3213 874 3277 ἔδει
897 3211 1012 3290 δεῖξαι.

100 3406 105 3417 “
198 3394 222 3443 l.
241 3383 295 3444 οῧιι
320 3385 395 3445 ἔστιν
422 3384 551 3458 ἔλασσον]
581 3382 619 3457 μὴ
644 3384 762 3442 ἔλασσον
786 3383 861 3442 εἶναι
879 3386 909 3455 Ρ.
948 3385 1064 3443 ἔλαττον
1082 3388 1138 3459 Fp.

110 3466 124 3513 <z
160 3464 187 3515 ἱ.
205 3460 272 3532 τῶν]
292 3459 343 3517 τοῦ
363 3458 419 3529 Bp.
492 3464 517 3511 3.
536 3456 681 3513 τουτέστιν
699 3458 729 3513 P.
804 3452 856 3528 οὐχ
874 3453 1021 3530 ὑπερέχει]
1036 3455 1137 3528 ὑπερέ-

100 3482 329 3738 ῧοῦδαμῶς
347 3529 383 3584 V.
464 3534 489 3582 4.
510 3523 664 3599 ἐπειδήπερ
685 3561 716 3569 -
738 3526 914 3601 δευτερέχει]
937 3547 994 3600 mg.
1013 3548 1051 3584 m.
1072 3538 1086 3584 1
1106 3531 1137 3586 F.

201 3646 286 3721 :es
301 3599 538 3724 (Β;Ω)9έ·4”μ
549 3608 610 3699 ¹⁰),

249 3711 631 3840 },e³st2)9ffl²ffl)·
