2446 3938
123 157 189 235 436
538 159 727 210 mm.

124 300 199 388 γάρ,
223 298 297 367 ἀλλ’
325 304 356 368 ελ
378 299 539 385 δυνατόν,
563 304 646 367 ἔστω
666 305 805 380 διπλοῦς
824 301 842 369 6
863 305 895 366 Γ
909 304 971 367 τοῦ
991 307 1029 366 Β.
1071 304 1140 366 ἔστι

125 405 162 473 δὲ
188 409 245 474 καὶ
269 434 287 474 ο
312 415 344 474 A
366 411 427 474 τοῦ
450 412 483 474 Γ
500 411 671 494 τριπλοῦς·
699 407 874 495 γενήσεται
898 405 963 492 ἄρα
985 407 1041 472 καὶ
1066 406 1083 473 6
1109 416 1141 472 A

124 516 185 580 τοῦ
209 520 237 579 Β
262 512 432 594 ἕξαπλοῦς.
471 512 644 581 ὑπόκειται
668 515 706 582 δὲ
729 517 879 592 διπλοῦς·
903 511 984 598 ὅπερ
1004 510 1140 580 ἄτοπον,

124 616 187 688 οὐκ
201 617 267 704 ἄρα
282 623 373 686 ἔσται
388 619 406 688 6
426 625 459 687 Γ
471 623 532 687 τοῦ
551 627 580 687 Β
601 624 748 699 διπλοῦς.
781 620 905 706 ὁμοίως
919 622 961 706 δὴ
977 621 1140 704 δείξομεν,

88 723 176 796 δὸτι
205 721 279 792 οὐδ’
310 723 415 793 ἄλλον
446 727 550 812 λόγον
578 731 644 812 ἔχει
672 727 691 795 6
719 734 748 794 B
776 729 860 814 πρὸς
886 729 946 794 τὸν
979 731 1011 793 Γ
1038 724 1141 813 παρὲξ

123 835 185 900 τοῦ
207 831 373 917 ἡμιολίου.

564 958 625 1042 1x,
647 961 699 1024 ιι.

551 1095 703 1177 Ἄλλως.

184 1219 232 1291 Ἦ
258 1221 314 1290 καὶ
348 1218 467 1300 οὕτως·
500 1221 569 1290 ἐπεὶ
603 1213 667 1290 οῦν
704 1221 721 1290 6
756 1228 822 1290 AB
854 1221 1006 1308 περιττός
1039 1222 1141 1305 ἐστιν,

73 1354 106 1403 10
126 1326 316 1419 ἀφῃρήσθω
340 1324 397 1396 ἄπ’
423 1327 528 1396 αὐτοῦ
551 1328 697 1416 μονὰςὴ
718 1336 794 1396 ΖΒ·
817 1331 934 1408 λοιπὸς
953 1325 1018 1415 ἄρα
1038 1327 1055 1394 ὁ
1076 1334 1141 1393 ΑΖ

125 1435 239 1526 ἄρτιός
266 1438 366 1502 ἐστιν.
411 1433 512 1502 πάλιν
541 1434 610 1502 ἐπεὶ
639 1434 656 1502 6
685 1440 752 1501 ΒΓ
774 1433 923 1524 περιττός
951 1437 1057 1519 ἐστιν,
1085 1440 1146 1500 καί

126 1547 195 1611 ἐστι
219 1544 324 1629 μονὰς
347 1539 367 1626 ἡ
393 1546 471 1625 ΖΒ,
499 1538 613 1628 ῦρτιος
636 1539 703 1628 ἄρα
730 1541 748 1609 6
774 1546 843 1610 ΖΓ.
890 1546 958 1609 ἔστι
983 1539 1020 1608 δὲ
1042 1541 1099 1608 καὶ
1122 1540 1141 1608 6

125 1656 191 1716 ΑΖ
219 1648 341 1736 ἄρτιος.
385 1647 441 1714 καὶ
469 1645 546 1727 ὅλος
573 1646 638 1736 ἄρα
667 1647 685 1716 6
709 1653 778 1715 ΑΓ
801 1645 915 1735 ἄρτιός
939 1650 1038 1716 ἐστιν.
1085 1637 1143 1715 διὰ

125 1758 165 1822 τὰ
195 1753 280 1822 αὐτὰ
310 1759 358 1842 δη
379 1754 435 1821 καὶ
459 1754 477 1822 6
501 1759 565 1822 ΓΕ
593 1753 707 1843 ῦοιιός
730 1755 830 1824 ἐστιν.
876 1753 1038 1822 ὥστεκαὶ
1063 1755 1144 1834 ὅλος

75 1862 145 1932 156
170 1869 238 1930 ΑΕ
258 1860 372 1949 ἄρτιός
396 1863 494 1930 ἐστιν.

198 2080 222 2130 4.
243 2070 317 2146 ἄρα]
336 2095 384 2129 πτι
402 2095 432 2144 φ.
484 2074 616 2143 διπλοῦς]
635 2074 766 2142 τριπλοῦς
784 2073 845 2144 Vq.
898 2081 922 2130 ἵ.
942 2073 964 2126 F
983 2074 1057 2129 solus
1077 2078 1146 2142 post

127 2142 216 2215 ἔστιν,
235 2148 300 2201 ante
321 2139 390 2215 ὅπερ
409 2165 435 2216 p.
455 2152 516 2213 392,
537 2152 578 2200 13.
652 2150 677 2199 8.
696 2141 801 2217 ἄλλως]
823 2163 876 2200 om.
896 2145 926 2199 F.
