2446 3938
138 190 203 257 198
518 190 721 244 ΣΤοιΧεειεει
740 185 775 254 ς’.

138 335 276 421 μέτρον,
305 330 460 419 μετρήσει
488 358 537 411 τις
564 328 643 410 τοὺς
672 340 719 416 A,
738 337 782 416 B,
802 336 834 397 Γ
861 325 1030 417 ἀριθμοὺς
1057 324 1159 415 ἀριθ-

136 438 199 526 μὸς
222 444 341 525 μείζων
365 434 414 507 66
437 442 498 506 τοῦ
521 445 559 504 Β.
605 442 772 525 μετρείτω,
795 435 851 502 καὶ
875 440 958 503 ἔστω
983 433 1001 502 6
1022 441 1058 501 Ζ.
1100 434 1157 500 καὶ

137 546 207 613 ἐπεὶ
231 543 249 613 6
274 553 301 612 Ζ
324 543 404 623 τοὺς
427 553 469 630 A,
489 551 529 628 Β,
549 548 581 610 Γ
599 555 722 630 μετρεῖ,
745 542 801 609 κοιλ
819 539 899 620 τοὺς
917 549 960 624 A,
979 546 1008 606 Β
1031 553 1156 627 μετρεῖ

134 651 190 718 καὶ
222 649 259 718 τὸ
292 653 361 716 τῶν
389 657 420 716 A
428 656 484 734 ,Β
513 647 580 737 ἄρα
611 650 768 734 μέγιστον
795 645 914 715 κοινὸν
945 647 1068 734 μέτρον
1101 672 1154 732 με-

100 755 258 843 στρήσει.
313 752 350 822 τὸ
386 753 423 821 δὲ
455 757 523 822 τῶν
540 763 602 840 A,
621 761 650 821 Β
683 754 840 840 μέγιστον
876 751 994 820 κοινὸν
1032 753 1156 839 μέτρον

135 863 224 930 ἐστὶν
257 862 276 931 6
308 868 353 927 A·
387 860 405 928 6
435 868 463 927 Ζ
493 861 560 947 ἄρα
586 858 647 928 τὸν
677 868 710 927 A
738 873 861 947 μετρεῖ·
893 872 1007 948 μετρεῖ
1033 859 1071 927 66
1098 861 1156 927 κοιλ

132 967 194 1037 τὸν
213 975 253 1036 Γ·
278 969 295 1036 6
321 975 348 1034 Ζ
372 966 439 1054 ἄρα
461 965 541 1046 τοὺς
564 975 612 1052 A,
632 972 664 1034 Γ
683 979 804 1053 μετρεῖ·
827 965 884 1033 καὶ
906 963 945 1032 τὸ
969 969 1037 1033 τῶν
1062 975 1106 1050 A,
1128 973 1161 1034 Γ

133 1072 200 1162 ἄρα
223 1075 380 1161 μέγιστον
403 1071 520 1140 κοινὸν
544 1075 665 1160 μέτρον
689 1071 852 1159 μετρήσει.
898 1070 935 1138 τὸ
960 1071 998 1138 66
1020 1075 1089 1141 τῶν
1109 1081 1155 1160 A,

133 1185 166 1246 Γ
188 1181 346 1266 μέγιστον
373 1177 492 1247 κοινὸν
521 1180 643 1267 μέτρον
671 1179 762 1247 ἐστὶν
787 1178 805 1246 6
830 1186 872 1245 Ε·
901 1174 919 1244 6
945 1185 972 1244 Ζ
1002 1179 1069 1264 ἄρα
1091 1179 1155 1248 τὸν

82 1303 116 1352 10
135 1292 167 1351 Ε
188 1299 301 1373 μετρεῖ
327 1285 344 1352 ὁ
370 1289 490 1370 μείζων
513 1281 574 1352 τὸν
598 1283 777 1352 ἐλάσσονα·
806 1282 887 1371 ὅπερ
912 1284 1003 1352 ἐστὶν
1026 1281 1154 1353 66666-

132 1416 201 1459 τον.
253 1390 314 1458 οὐκ
346 1389 413 1474 ἄρα
444 1388 523 1468 τοὺς
550 1398 593 1474 A,
612 1397 652 1475 Β,
672 1394 704 1455 Γ
727 1387 897 1477 ἀριθμοὺς
925 1387 1072 1477 ἀριθμός
1104 1418 1155 1472 τις

133 1497 287 1584 μετρήσει
320 1501 440 1582 μείζων
470 1491 519 1562 ὤν
547 1499 609 1562 τοῦ
636 1502 678 1561 Ε·
707 1494 725 1562 6
755 1502 788 1562 E
812 1493 879 1579 ἄρα
901 1499 970 1563 τῶν
993 1504 1041 1581 A,
1060 1504 1104 1582 Β,
1125 1504 1157 1565 Γ

133 1601 291 1687 μέγιστόν
315 1604 384 1669 ἐστι
406 1600 524 1670 κοινὸν
548 1603 683 1689 μέτρον·
709 1598 790 1686 ὅπερ
815 1604 883 1668 ἔθει
906 1602 1026 1682 θεῖξοιιξ

621 1796 664 1863 6'.

85 1936 118 1986 15
197 1917 315 1999 ‘Anas
346 1917 519 2009 νἰριθμός
545 1918 693 2000 παντὸς
721 1917 896 2009 ἀριθμοῦ
925 1917 943 1988 6
974 1919 1156 1990 ἐλάσσων

130 2029 201 2094 τοῦ
224 2032 406 2112 μείζονος
428 2029 517 2114 ήτοι
540 2028 658 2114 μέρος
682 2026 791 2094 ἐστὶν
814 2021 835 2112 6
860 2026 966 2112 μέρη.

188 2130 364 2202 Ἔστωσαν
388 2133 451 2201 660
475 2131 619 2219 ἀριθμοὶ
643 2135 678 2200 οῖ
699 2140 745 2217 A,
765 2137 838 2218 ΒΓ,
861 2131 917 2198 καὶ
942 2137 1024 2200 ἔστω
1054 2132 1151 2202 ἐλάσ-

131 2259 202 2306 σων
226 2237 244 2306 6
268 2245 344 2307 ΒΓ·
368 2241 469 2326 λέγω,
494 2237 546 2308 ὅτι
570 2235 588 2306 6
613 2243 681 2306 ΒΓ
697 2241 758 2306 τοῦ
780 2247 813 2305 Α
835 2236 910 2324 ήτοι
934 2239 1034 2326 μέρος
1057 2240 1154 2308 ἐστὶν

130 2341 152 2430 6
177 2347 269 2432 νέοι·

78 2469 111 2518 20
199 2455 242 2519 Οἱ
272 2461 318 2538 A,
338 2458 406 2520 ΒΓ
432 2451 497 2540 γὰρ
530 2451 606 2538 ήτοι
635 2455 761 2538 πρῶτοι
793 2449 877 2539 πρὸς
907 2449 1073 2538 ἀλλήλους
1106 2458 1152 2520 εῖ-

130 2559 186 2626 σὶν
209 2556 229 2643 6
255 2557 306 2625 06.
352 2563 501 2626 ἔστωσαν
524 2557 688 2645 πρότερον
712 2559 747 2624 οἱ
765 2565 812 2642 A,
832 2563 898 2626 ΒΓ
917 2562 1042 2646 πρῶτοι
1065 2557 1153 2646 πρὸς

204 2812 228 2862 1
247 2801 403 2889 ἀριθμούς]
424 2819 478 2857 om.
497 2803 528 2856 P.
601 2809 626 2857 4.
646 2798 715 2874 ἄρα]
736 2821 789 2860 om.
809 2804 842 2859 V.
917 2801 1018 2875 μέτρον
1047 2819 1101 2859 om.
1117 2805 1150 2862 P.

132 2882 156 2930 7.
176 2872 238 2939 τόν]
259 2871 343 2941 τὸΓ,
363 2873 412 2927 sed
431 2889 500 2927 corr.
573 2871 624 2946 τό]
644 2891 728 2944 τηρεε.
745 2893 782 2929 m.
802 2875 867 2930 1P.
941 2881 975 2944 A,
991 2879 1018 2930 Γ
1048 2891 1150 2932 eoorr.

130 2964 168 2999 m.
188 2944 256 3032 2V,
339 2950 381 2998 11.
400 2938 419 2998 6
438 2941 554 3016 ιθμούς]
543 2945 664 3016 comp
684 2945 718 3011 F
741 2963 795 3001 om
814 2945 871 3016 Vp.
956 2951 997 3000 13
1034 2948 1149 3003 στινλῙ.

131 3015 201 3070 Post
188 3014 321 3086 λμέτρον
342 3015 406 3069 add
421 2964 492 3071 651:
455 3016 601 3084 Vvqc6v
624 3015 682 3086 ἄρα
706 2987 837 3087 έριθμῶν
861 3015 1008 3079 δοθέντων
1026 3012 1152 3087 ηὕρηται

129 3083 163 3141 τὸ
174 3088 304 3170 μέριστον
314 3082 411 3141 κοινὸν
427 3087 537 3169 μέτρον.
593 3087 703 3158 δεῖξαι]
718 3086 754 3139 Ρ·
747 3089 886 3158 ςττοιήσαι
900 3087 997 3144 Theon
1011 3087 1150 3177 (BPVp),

131 3159 222 3227 θοις.Ι
213 3175 294 3226 mp,
314 3157 384 3212 Bm
403 3176 459 3228 mg
478 3159 591 3213 imom.
612 3165 626 3211 1
636 3158 758 3245 ,Vmg.
778 3177 814 3213 m.
835 3166 865 3213 2:
883 3155 1021 3247 πόρισμα.
1058 3154 1089 3213 ἐκ
1110 3157 1149 3229 δή

130 3232 212 3314 (eras.
236 3229 270 3313 Β)
298 3226 400 3284 τούτου
425 3224 545 3317 (τούτων
558 3229 604 3317 V)
629 3227 770 3320 φανερόν,
793 3225 836 3285 ὅτι
859 3226 912 3285 ἐὰν
930 3225 1054 3320 ἀριθμὸς
1072 3237 1150 3317 τρεῖς

131 3295 273 3386 ἂριθμρὺς
291 3301 390 3390 μετρῇ,
409 3297 504 3354 aaz
477 3320 508 3354 το
529 3297 663 3388 μέγιστον
680 3298 774 3354 αὐτῶν
800 3299 898 3356 κοινὸν
921 3299 1023 3387 με’τρρν
1047 3298 1149 3386 μετρή-

131 3388 182 3423 σει.
220 3365 324 3456 ὁμοίμς
352 3368 384 3424 66
410 3370 459 3423 καλ
483 3368 622 3425 πλειόνων
640 3366 778 3459 ἄρνθμῶν
801 3370 948 3426 δοθέντων
971 3369 1008 3457 μὴ
1028 3367 1148 3440 πρώτων

130 3437 201 3526 πρὸς
229 3436 365 3507 αλλήλονς
391 3436 423 3493 τὸ
453 3439 585 3528 μέγιστον
613 3438 708 3496 αὐτῶν
736 3446 800 3510 (om
829 3441 890 3512 Vp)
917 3439 1015 3498 κοινὸν
1043 3441 1149 3513 μέτρον

131 3506 291 3581 εὑρίσκεται
310 3506 405 3563 καὶ
377 3530 409 3564 το
429 3507 553 3582 πόρισμα
577 3510 760 3620 προχωρήσει.
796 3514 947 3568 Praeterea
964 3512 1043 3568 Vin
1065 3516 1149 3570 textu
