2446 3938
576 759 643 833 IX.

601 931 626 996 I.

175 1059 209 1125 si
233 1059 295 1124 duo
324 1057 445 1123 similes
468 1055 596 1120 numeri
623 1056 714 1139 plani
736 1055 820 1118 inter
844 1076 877 1119 se
902 1054 1121 1138 multiplioen·

107 1172 156 1233 tes
178 1187 348 1231 numerum
372 1164 512 1248 aliquem
538 1162 714 1246 effecerint,
742 1183 895 1226 numerus
920 1161 1021 1225 exiis
1045 1181 1118 1244 pro-

107 1273 221 1338 ductus
245 1272 421 1357 quadratus
446 1271 515 1334 erit.

433 1360 441 1371 ⁸
668 1373 741 1440 Sint
765 1375 827 1438 duo
852 1373 973 1438 similes
991 1371 1118 1437 numeri

602 1483 692 1566 pleni
714 1487 755 1565 A,
774 1485 812 1564 B,
836 1484 869 1544 et
892 1481 958 1545 sit‘

583 1659 586 1695 1
747 1594 779 1651 A
792 1602 835 1655 ><
850 1591 878 1650 Β
894 1617 936 1639 =
951 1589 987 1650 Γ.

607 1693 687 1776 dieo,
701 1714 870 1758 numerum
884 1697 916 1757 Γ
927 1692 1120 1777 quadratum

603 1820 685 1863 esse.

167 1901 219 1964 sit
250 1901 336 1965 enim
360 1909 392 1965 A
411 1916 454 1971 ><
469 1908 501 1966 A
515 1933 557 1956 =
576 1909 618 1968 A.
664 1909 697 1967 A
726 1905 827 1987 igitur
854 1904 1030 1986 quadratus
1062 1896 1121 1967 est.
1210 1896 1213 1900 ⁴

106 2008 171 2070 iam
204 2007 356 2091 quoniam
389 2014 422 2071 A
445 2023 488 2076 ><
512 2016 544 2072 A
568 2040 610 2062 =
635 2015 668 2073 A
696 2013 729 2074 et
755 2015 787 2074 A
809 2023 852 2076 ><
870 2014 899 2072 Β
920 2039 962 2061 --
980 2011 1022 2091 Γ,
1059 2009 1122 2072 erit

106 2119 138 2176 A
157 2136 164 2176 :
183 2115 387 2176 B=A2P
407 2112 493 2197 [VII,
515 2115 580 2195 17].
627 2137 643 2178 e
686 2115 839 2200 quoniam
868 2120 912 2198 A,
935 2119 964 2178 Β
996 2113 1119 2178 similes

107 2220 183 2283 sunt
208 2217 335 2281 numeri
362 2218 467 2302 plani,
495 2218 580 2282 inter
608 2223 700 2301 A,B
723 2241 806 2283 unus
831 2219 955 2284 medius
984 2241 1119 2303 propor-

105 2323 239 2388 tionalis
272 2322 488 2407 interponitur
521 2347 675 2388 numerus
705 2323 812 2409 [VIIL
833 2326 899 2406 18].
949 2326 1000 2390 sin
1031 2325 1117 2388 inter

106 2431 186 2494 dnos
210 2451 363 2494 numeros
387 2430 561 2495 seeundum
586 2431 831 2515 proportionem
855 2433 1043 2497 continuam
1061 2453 1120 2495 nn-

106 2537 187 2601 meri
220 2535 344 2619 aliquot
375 2535 639 2620 interponuntur,
672 2540 752 2621 quot
781 2538 866 2601 inter
894 2560 949 2603 eos
980 2538 1120 2620 interpo-

106 2646 243 2723 nuntur,
274 2639 411 2705 totidem
443 2641 543 2705 etiam
572 2641 657 2705 inter
686 2662 741 2706 eos
770 2642 1034 2726 interponuntur,
1066 2640 1122 2725 qui

107 2748 241 2813 eandem
260 2747 421 2810 rationem
443 2746 568 2810 habent
590 2746 693 2828 [VIIL
712 2749 756 2829 8].
799 2769 900 2832 quere
919 2749 1019 2813 etiam
1038 2749 1123 2812 inter
1170 2813 1174 2819 ,

107 2859 152 2937 A,
172 2856 204 2917 Γ
221 2873 306 2916 unus
330 2852 455 2917 medius
484 2853 739 2937 proportionalis
767 2854 986 2938 interponitur
1009 2875 1122 2918 nume-

106 2983 170 3024 rus.
217 2962 249 3022 et
277 2956 453 3042 quadratus
483 2964 533 3022 est
563 2963 605 3023 A.
653 2981 730 3044 ergo
762 2960 860 3024 etiem
890 2964 922 3024 Γ
945 2960 1122 3044 quadratus

107 3069 157 3130 est
180 3063 382 3147 [VII1‚22];
405 3065 491 3148 quod
515 3054 586 3129 enat
609 3066 906 3130 demonstrandum.

958 3225 1118 3234 *ιι-

105 1417 128 1466 A
136 1428 304 1467 l———l

108 1534 140 1583 Β]
409 1544 412 1580 ι

108 1648 259 1696 Γι---

107 1762 142 1810 Δι
206 1811 217 1820 ,
463 1775 466 1810 ι

110 3311 226 3382 ἔχοντας
249 3306 348 3371 αὐτοῖς
366 3329 402 3378 φ,
425 3305 525 3372 αὐτοῖς
543 3328 599 3380 mg.
619 3329 655 3365 m.
676 3317 691 3364 2
711 3311 744 3365 V.
820 3316 861 3365 18.
883 3304 957 3364 ἐστιν
975 3309 1006 3363 P.
1080 3315 1122 3366 19.

108 3377 394 3510 gmA·Beevolipovoc]
413 3397 469 3449 mg.
488 3398 526 3434 m.
548 3388 562 3434 1
584 3383 612 3438 P.
688 3376 759 3450 ὅπερ
780 3379 839 3436 ἔδει
862 3380 968 3451 δεῖξαι]
993 3399 1029 3434 m.
1053 3387 1069 3434 2
1088 3380 1122 3447 V,
