2446 3938
141 188 185 254 50
524 148 726 244 εεοπειειεπ
744 189 780 245 ε’.

140 331 253 418 πάλιν,
278 329 347 399 έπεί
370 329 480 411 ἰσάκις
502 331 571 399 ἐστὶ
593 338 842 401 πολλαπλασίον
865 330 903 400 τὸ
927 338 996 400 ΘΚ
1011 336 1072 402 τοῦ
1091 342 1159 404 ΕΒ

140 438 196 505 καὶ
228 436 266 506 τὸ
297 445 379 506 ΜΝ
400 441 462 507 τοὺ
491 445 573 523 ΖΔ,
606 442 674 506 ἔστι
706 437 743 507 ὑὲ
770 440 886 508 καὶτὸ
915 442 984 517 ΚΞ
1007 445 1068 508 τοῦ
1091 448 1159 510 ΕΒ

141 544 249 623 ἰσάκις
270 543 528 614 ’πολλαπλάσιον
555 545 612 612 καί
638 543 676 613 τὸ
699 551 778 613 ΝΠ
796 549 858 613 τοὺ
882 553 968 633 ΖΔ,
996 547 1052 614 καί
1076 566 1158 617 σνν-

139 651 239 720 τεθὶν
267 649 304 719 τὸ
326 653 390 728 ΘΞ
414 656 476 720 νοῦ
499 659 563 719 ΕΒ
592 650 700 732 ἰσάκις
727 653 796 720 ἐστὶ
825 651 1076 722 πολλαπλάσιον
1098 654 1157 722 καὶ

50 816 54 823 ,
105 756 177 827 5πό
201 765 284 826 ΜΠ
302 760 364 826 τοὺ
387 765 463 826 ΖΔ.
501 757 568 825 Καὶ
592 759 664 825 έπεί
684 758 774 826 ἐστιν
798 755 842 838 ὡς
864 757 902 827 πὸ
923 766 988 827 ΑΒ
1010 758 1094 848 πρὸς
1116 758 1156 829 πὸ

139 872 214 951 ΒΕ,
239 862 344 945 οὑπιος
365 862 404 932 πὸ
419 870 481 931 ΓΔ
503 863 587 951 πρὸς
609 861 647 932 τὸ
663 871 740 949 ΔΖ,
762 865 818 931 καί
838 871 987 951 εἴληπται
1005 867 1074 934 τῶν
1093 865 1160 953 μὲν

139 980 220 1059 AB,
244 979 306 1040 ΓΔ
335 970 443 1050 ἰσάκις
469 971 699 1039 πολλαπλάσια
727 970 767 1039 τὰ
791 978 879 1057 HK,
903 978 990 1058 AN,
1019 975 1088 1040 τῶν
1117 972 1155 1042 δέ

140 1086 218 1165 ΕΒ,
243 1085 310 1144 ΖΔ
340 1076 449 1157 ἰσάκις
475 1078 708 1146 πολλαπλάσια
734 1077 774 1145 τὰ
803 1080 880 1164 ΘΞ,
903 1085 997 1163 ΜΠ,
1030 1082 1061 1146 εἰ
1088 1077 1155 1168 ἄρα

138 1183 290 1275 ὑπερέχει
317 1183 356 1251 πὸ
380 1189 455 1250 ΗΚ
480 1186 542 1251 τοὺ
564 1186 641 1269 ΘΞ,
668 1181 819 1272 ὑπερέχει
846 1184 903 1252 καὶ
929 1183 968 1252 τὸ
993 1191 1070 1252 AN
1091 1189 1154 1253 τοῦ

86 1303 120 1353 10
139 1300 228 1378 ΜΠ,
251 1291 307 1358 καὶ
326 1293 358 1358 εἰ
375 1298 462 1376 ῖσον,
487 1297 573 1376 ῖσον,
595 1289 651 1358 καί
670 1293 701 1357 εἰ
714 1294 860 1376 έλαπιον,
879 1295 1025 1359 ἔλαττον.
1054 1287 1154 1380 ὑπερ-

138 1400 236 1485 εχέτω
265 1396 307 1484 δὴ
336 1395 374 1465 πὸ
398 1403 474 1465 ΗΚ
499 1398 559 1464 τοῦ
581 1397 656 1481 ΘΞ,
683 1397 739 1463 καὶ
766 1400 885 1465 κοινοῦ
908 1394 1155 1484 ἀφαιρεθέντος

137 1508 198 1571 τοὺ
231 1511 299 1572 ΘΚ
329 1501 479 1592 ὑπερέχει
511 1501 578 1591 άρα
606 1503 662 1571 καί
694 1501 732 1570 ιό
760 1509 829 1571 ΗΘ
857 1507 919 1572 τοῦ
947 1506 1020 1582 ΚΞ.
1066 1500 1153 1573 ἄλλα

138 1615 169 1678 εἰ
190 1606 341 1699 ὑπερεῖχε
363 1608 401 1680 τὸ
420 1617 495 1679 ΗΚ
515 1613 577 1679 ποῦ
596 1612 667 1696 ΘΞ,
689 1607 842 1698 ὑπερεῖχε
864 1610 920 1677 καὶ
942 1608 981 1679 τὸ
996 1618 1069 1679 AN
1091 1615 1155 1682 τοὺ

138 1725 229 1786 ΜΠ·
261 1714 413 1806 ὑπερέχει
436 1712 501 1804 ἄρα
523 1715 579 1782 καὶ
602 1713 640 1784 πὸ
664 1722 739 1784 AN
758 1720 819 1784 τοὺ
839 1723 929 1802 ΜΠ,
952 1717 1008 1784 καὶ
1031 1720 1155 1786 κοινοὺ

85 1834 117 1883 1⁵
136 1822 380 1911 ἀφαιρεθέντος
401 1832 463 1890 τοῦ
482 1828 565 1890 MN
584 1819 732 1909 ὑπερέχει
756 1822 812 1890 καὶ
834 1821 872 1892 τὸ
891 1830 969 1892 AM
986 1834 1048 1892 τοῦ
1062 1831 1102 1892 Ν
1103 1832 1142 1894 Π
1144 1847 1154 1865 ·

137 1928 221 1999 ὥστε
245 1934 275 1997 εἰ
291 1927 443 2020 ὑπερέχει
460 1926 499 1996 τὸ
518 1934 587 1997 ΗΘ
605 1931 667 1997 τοῦ
681 1935 715 1998 Κ
718 1931 757 2015 Ξ,
780 1926 932 2018 ὑπερέχει
949 1930 1005 1999 καὶ
1023 1928 1061 2000 τὸ
1076 1937 1159 2000 AM

136 2041 197 2105 τοὺ
215 2043 298 2104 ΝΠ.
330 2033 454 2124 ὁμοίως
477 2033 519 2123 δὴ
544 2035 707 2122 δείξομεν,
731 2033 783 2104 ὅτι
801 2032 866 2104 κάν
886 2044 961 2105 ἰσον
980 2028 1003 2126 ᾗ
1022 2035 1060 2106 τὸ
1082 2045 1154 2107 ΗΘ

135 2147 181 2236 τῷ
200 2146 275 2229 ΚΞ,
299 2151 373 2212 ῖσον
397 2148 488 2212 ἔσται
510 2142 567 2211 καὶ
589 2139 627 2210 ιὺ
648 2149 679 2208 A
686 2149 729 2209 M
745 2145 791 2235 τῷ
805 2149 891 2230 ΝΠ,
914 2139 979 2211 κάν
1002 2148 1154 2232 ἔλαττον,

135 2254 282 2320 ἔλαττον.
326 2251 386 2317 καί
415 2251 483 2318 ἐστι
511 2246 551 2315 τά
580 2248 642 2335 μὲν
670 2254 755 2333 ΗΘ,
781 2256 864 2318 AM
885 2252 954 2318 τῶν
982 2257 1065 2337 ΑΕ,
1088 2256 1153 2320 ΓΖ

82 2366 117 2415 20
136 2356 245 2436 ἰσάκις
272 2353 518 2440 πολλαπλάσια,
546 2352 587 2420 τά
616 2353 654 2422 ὑλ
682 2356 762 2441 ΚΞ,
786 2361 865 2423 ΝΠ
887 2359 957 2424 τῶν
981 2363 1059 2444 ΕΒ,
1084 2363 1153 2424 ΖΔ

96 2528 102 2543 ,
134 2461 230 2550 άλλα,
254 2458 275 2529 ά
300 2466 425 2547 ἔτυχεν,
449 2458 558 2541 ἰσάκις
575 2460 819 2530 πολλαπλάσια·
852 2465 943 2529 ἔστιν
962 2460 1028 2551 άρα
1048 2459 1093 2543 ὑς
1111 2461 1152 2533 τὸ

135 2577 203 2637 ΑΕ
223 2567 307 2656 πρὸς
329 2565 366 2634 τὸ
390 2573 465 2652 ΕΒ,
489 2563 595 2647 οὑτως
617 2567 655 2636 πὸ
680 2573 742 2635 ΓΖ
764 2566 847 2655 πρὸς
869 2565 907 2636 εὑ
933 2575 1009 2637 ZA.

198 2672 277 2742 Ἐάν
296 2671 362 2759 ἄρα
380 2677 580 2760 συγκείμενα
598 2673 724 2760 μεγέθη
744 2670 914 2761 ἀνάλογον
932 2666 966 2764 ᾖ,
988 2675 1044 2742 καὶ
1064 2679 1153 2744 ὑιαι-

134 2780 276 2868 ρεθέντα
299 2775 470 2864 ἀνάλογον
493 2783 597 2847 ἔσται·
628 2777 710 2868 ὅπερ
734 2783 802 2848 ἔδει
824 2782 939 2862 δεῖξαι.

205 2964 228 3011 1.
249 2951 324 3012 έσπίν
343 2955 403 3013 FV.
476 2963 501 3013 3.
521 2957 585 3028 ΖΔ]
606 2961 654 3011 ΖΒ
675 2957 705 3012 Ε.
777 2962 803 3012 4.
822 2956 854 3012 τά
888 2953 944 3026 ἄρα
962 2953 1072 3029 πόΒρ;
1091 2956 1152 3027 ἄρα

132 3028 195 3083 add.
214 3046 251 3085 m.
271 3035 287 3082 2
306 3028 337 3082 Ε.
410 3033 433 3083 6.
455 3029 519 3099 ΔΖ]
539 3032 592 3082 ΖΔ
610 3027 697 3118 Βλίρ.
771 3033 796 3083 ῖ.
815 3033 839 3082 A
907 3045 1010 3084 ecorr.
1030 3030 1150 3088 ΜΕ.

168 3104 192 3154 8,
215 3101 278 3168 ΖΔ]
298 3101 351 3153 ΔΖ
369 3100 398 3154 Ρ.
444 3100 506 3170 Seq.
533 3098 564 3153 in
585 3099 646 3169 Bp:
666 3091 774 3154 αλλαᾶ
796 3096 907 3169 έπνχεν;
926 3099 1003 3154 idem
1021 3100 1047 3154 V
1065 3119 1102 3156 m.
1123 3107 1151 3172 2,

131 3172 161 3226 et
183 3169 205 3223 F
227 3171 257 3224 in
275 3187 329 3224 ras.
352 3188 388 3223 m.
413 3175 429 3224 2
454 3173 511 3240 (om
533 3164 577 3239 ά),
598 3170 648 3225 sed
666 3170 770 3225 omisso
790 3166 882 3232 ἰσάκις
901 3169 967 3238 (fuit
984 3169 1015 3224 in
1033 3189 1090 3260 σεχ.
1110 3189 1150 3229 m.

131 3247 157 3312 2,
172 3242 221 3296 sed
236 3241 334 3309 eum).
410 3246 450 3295 10.
470 3239 597 3310 ἔλασσον,
613 3237 730 3296 ἔλασσον
742 3259 771 3331 ρ.
847 3247 888 3296 12.
907 3237 990 3312 ἄλλά]
1005 3237 1057 3297 άλλ
1086 3242 1149 3300 FV.

168 3317 209 3366 13.
229 3306 374 3401 ὑπερεῖχε]
394 3310 485 3381 PVp3
510 3307 661 3382 ὑπερεῖχεν
680 3313 715 3380 Β;
735 3309 869 3381 νπερέχει
888 3329 903 3367 ο
923 3328 992 3368 corr.
1011 3312 1042 3369 F.
1114 3310 1148 3368 πὸ

131 3387 192 3438 HK
209 3383 260 3438 ποῦ
281 3384 339 3441 ΘΞ
359 3383 505 3454 νπερεῑχε]
525 3399 581 3452 mg.
601 3399 638 3438 m.
654 3388 668 3436 1
684 3383 714 3439 P.
787 3379 933 3454 ὑπερεῖχε]
948 3401 981 3453 p;
996 3379 1149 3454 ὑπερεῖχεν

129 3453 195 3523 ΡΒ,
219 3451 353 3524 ὑπερέχει
370 3454 432 3509 FV.
491 3454 562 3526 AN]
581 3456 641 3508 ΛΗ
656 3453 687 3508 in
704 3470 757 3509 rae.
771 3472 808 3508 m.
826 3459 837 3507 1
854 3472 881 3524 p.
943 3460 985 3509 16.
999 3449 1148 3526 ὑπερέχει]

129 3524 202 3597 -έχει
224 3525 254 3581 in
277 3541 329 3581 ras.
354 3526 384 3581 Ρ.
471 3526 545 3597 ΚΞ]
573 3524 604 3579 in
630 3541 685 3581 ras.
714 3525 748 3581 V.
837 3530 878 3580 18.
907 3522 1002 3598 ἔσται]
1033 3543 1087 3582 om.
1115 3526 1148 3584 Ε.
