2446 3938
140 187 206 252 244
518 186 718 239 ΣνοιΧυεαυ
737 180 772 251 ς’.

139 339 185 413 Α,
204 336 247 415 Β,
277 328 333 395 καὶ
366 324 384 396 6
418 336 450 395 A
482 326 604 396 ἑαυτὸν
636 325 698 414 μὲν
721 324 1013 407 πολλαπλασιάσας
1039 326 1104 396 τὸν
1133 334 1168 397 Γ

138 441 288 516 ποιείτω,
320 432 379 503 τὸν
413 433 451 502 δὲ
480 439 512 502 Γ
540 431 833 512 πολλαπλασιάσας
859 431 920 502 τὸν
949 441 983 501 A
1009 441 1161 523 ποιείτω,

140 538 158 608 6
188 540 225 608 δὲ
252 548 280 608 Β
309 537 431 608 ἑαυτὸν
459 538 520 626 μὲν
547 538 841 618 πολλαπλασιάσας
868 536 929 606 τόν
957 546 990 606 Ε
1009 546 1161 628 ποιείτω,

138 645 199 714 τὸν
223 646 261 714 δὲ
284 655 316 714 Ε
335 644 628 725 πολλαπλασιάσας
650 644 712 714 τὸν
742 653 770 712 Ζ
797 651 945 713 ποιείτω·
972 647 1076 733 λέγω,
1107 645 1162 716 ὅτι

102 744 175 830 ’δοῖ
195 779 230 820 τε
253 759 289 840 Γ,
308 761 340 821 Ε
360 753 416 821 καὶ
440 756 475 820 oc
497 761 544 838 A,
564 759 592 818 Ζ
614 755 740 840 πρῶτοι
753 749 847 840 ’πρὸς
870 750 1037 838 ἀλλήλους
1060 757 1160 822 είσίν.

202 857 292 926 Ἐπεὶ
318 857 383 946 γάρ
415 860 451 925 οί
476 867 523 942 A,
543 865 572 925 Β
599 861 725 945 πρῶτοι
746 854 836 945 πρὸς
862 851 1029 945 ἀλλήλους
1057 863 1159 947 εἰσίν,

137 965 194 1032 καὶ
226 961 243 1032 ὁ
277 972 309 1031 A
341 961 463 1032 ἑαυτὸν
495 962 789 1042 πολλαπλασιάσας
816 960 876 1031 τὸν
903 970 936 1031 Γ
963 970 1160 1053 πεποίηκεν,

139 1073 175 1137 οί
196 1076 233 1154 Γ,
252 1077 281 1137 Β
309 1068 376 1157 ἀρα
402 1074 528 1157 πρῶτοι
555 1068 639 1158 πρὸς
662 1066 828 1156 ἀλλήλους
855 1075 950 1139 είσίν.
997 1071 1067 1138 ἐπεὶ
1092 1065 1160 1141 οὖν

139 1179 175 1242 οί
195 1181 233 1260 Γ,
252 1182 282 1242 Β
304 1179 430 1263 πρῶτοι
452 1173 537 1263 πρὸς
560 1173 725 1261 ἀλλήλους
748 1179 848 1262 εἰσίν,
868 1177 924 1245 καὶ
948 1174 966 1245 6
985 1184 1014 1244 B
1034 1176 1159 1247 ἑαυτὸν

9 1343 13 1349 .
87 1311 121 1361 10
139 1279 432 1361 πολλαπλασιάσας
454 1279 514 1349 τὸν
537 1288 570 1348 Ε
590 1286 785 1367 πεποίηκεν,
809 1284 845 1348 οί
865 1287 904 1367 Γ,
924 1289 956 1348 Ε
977 1281 1042 1370 ἀρα
1066 1289 1159 1371 πρῶ-

138 1414 190 1456 τοι
218 1386 300 1475 πρὸς
326 1386 498 1473 ἀλλήλους·
519 1391 614 1455 εἰσίν.
659 1386 772 1473 πάλιν,
796 1387 866 1455 ἐπεὶ
889 1391 925 1463 οίΙ
950 1397 992 1475 A,
1013 1397 1042 1456 Β
1066 1394 1160 1478 πρά-

138 1520 191 1562 τοι
213 1491 296 1580 πρὸς
323 1491 490 1579 ἀλλήλους
516 1496 620 1578 εἰσίν,
648 1493 703 1560 καλ
727 1490 745 1561 ὁ
770 1499 799 1561 Β
823 1492 944 1562 ἑαυτὸν
967 1501 1159 1563 πολλαπλα·

139 1599 257 1677 σιάσας
284 1596 345 1666 τόν
373 1605 405 1665 Ε
429 1604 626 1685 πεποίηκεν,
656 1602 691 1666 οί
712 1609 759 1686 A,
779 1607 811 1666 E
832 1598 898 1688 ἀρα
921 1603 1048 1689 πρῶτοι
1071 1602 1159 1689 πρὸς

139 1702 305 1791 ἀλλήλους
334 1709 428 1774 είσίν.
478 1705 548 1774 ἐπεὶ
573 1696 637 1772 οὖν
666 1705 729 1772 όάο
748 1704 891 1793 ἀριθμοὶ
910 1710 945 1774 οί
962 1716 1002 1794 A,
1021 1713 1054 1774 Γ
1071 1707 1159 1796 πρὸς

88 1839 120 1888 15
141 1812 202 1878 δύο
232 1809 401 1900 ἀριθμοὺς
432 1811 511 1893 τοὺς
537 1820 584 1898 Β,
604 1819 636 1879 Ε
666 1810 850 1900 ἀμφότεροι
880 1811 965 1902 πρὸς
995 1812 1157 1903 ἑκάτερον

138 1919 269 2002 πράτοί
289 1923 375 1987 εἰσιν
382 1970 392 2005 ,
415 1919 471 1986 καλ
495 1915 513 1986 6
538 1920 574 1986 ἐκ
592 1921 660 1985 τῶν
679 1927 723 2004 A,
742 1925 775 1986 Γ
789 1916 854 2004 ἀρα
872 1918 1052 2006 γενόμενος
1071 1918 1159 2008 πρὸς

42 2086 46 2091 .
138 2021 199 2091 τὸν
223 2025 347 2092 ἐκτῶν
371 2031 416 2111 Β,
441 2031 473 2092 Ε
492 2023 623 2113 πρῶτός
646 2026 747 2092 ἐστιν.
792 2031 851 2091 καί
871 2027 962 2093 ἐστιν
987 2022 1005 2093 6
1032 2024 1095 2112 μὲν
1120 2029 1158 2094 ἐκ

138 2134 205 2198 τῶν
233 2129 374 2217 Α,Γὸ
403 2140 451 2210 Δ,
480 2129 498 2200 6
527 2130 565 2198 δὲ
593 2132 724 2199 ἐκτῶν
754 2129 950 2217 Β,ΕὸΖ.
997 2135 1157 2218 οίΔ,Ζ

138 2234 204 2324 ἀρα
227 2242 352 2324 πρωτοι
374 2237 458 2324 πρὸς
481 2235 649 2324 ἀλλήλους
671 2241 770 2305 είσίν·
795 2237 877 2326 ὅπερ
902 2241 969 2306 ἔδει
993 2242 1107 2321 δείξαι.

84 2425 119 2476 20
610 2423 675 2483 '‘⁷1-

201 2518 289 2588 Ἐἀν
327 2521 399 2622 δύοο
437 2515 605 2607 ἀριθμοὶ
642 2524 790 2609 πρῶτοι
826 2519 925 2607 πρὸς
956 2518 1156 2610 ἀλλήλους

138 2619 251 2706 ἀσιν,
274 2626 339 2693 καλ
362 2627 666 2714 συναμφότερος
688 2623 786 2713 πρὸς
809 2628 997 2716 ἑκάτερον
1021 2626 1155 2699 αὐτῶν

137 2736 289 2820 πρῶτος
311 2737 435 2800 ἔσται·
466 2734 532 2800 ιιαλ
556 2731 625 2801 ίάν
645 2734 949 2821 συναμφότερος
967 2734 1065 2821 πρὸς
1083 2737 1155 2805 ἕνα

136 2834 226 2904 τινὰ
250 2835 381 2905 αὐτῶν
403 2842 555 2923 πρῶτος
577 2829 615 2927 ή,
639 2838 705 2905 καὶ
730 2841 770 2906 οἱ
787 2841 824 2920 ἐξ
844 2836 965 2927 ἀρχῆς
983 2837 1155 2928 ἀριθμοὶ

83 2961 119 3013 25
132 2945 284 3030 πρῶτοι
306 2942 403 3030 πρὸς
426 2942 623 3030 ἀλλήλους
646 2949 814 3012 ἔσονται.

203 3055 470 3137 Συγκείσθωσαν
488 3049 554 3138 γάρ
574 3051 637 3118 δύο
657 3047 798 3140 ἀριθμοὶ
814 3055 939 3139 πρῶτοι
953 3049 1036 3139 πρὸς
1050 3049 1155 3140 ἀλλή·

136 3162 217 3236 λους
239 3159 275 3224 οί
295 3163 370 3242 AB,
394 3161 468 3224 ΒΓ·
500 3156 597 3242 λέγω,
621 3154 673 3224 ὅτι
695 3157 750 3224 καὶ
774 3157 1027 3245 συναμφότερος
1050 3155 1158 3227 όΑΓ

136 3260 220 3350 πρὸς
243 3263 400 3350 ἑκάτερον
418 3265 491 3329 τῶν
514 3269 591 3349 AB,
615 3268 679 3331 ΒΓ
700 3263 830 3349 πρῶτός
853 3265 952 3331 ἐστιν.

209 3445 232 3493 1.
253 3437 322 3511 με’ν]
342 3456 396 3494 om.
416 3439 478 3507 ch.
551 3446 576 3494 2.
595 3440 729 3512 ποιείτω]
753 3445 835 3494 ποιεῖ
852 3458 880 3509 p.
917 3442 1031 3495 ποιείτω
1055 3436 1105 3495 τόν
1123 3447 1152 3496 A

119 3504 189 3585 Ι,Υφ
215 3504 346 3579 (ποιήτω,
369 3509 420 3564 sed
443 3525 526 3578 corr,
550 3512 592 3580 φ).
683 3517 707 3567 3.
726 3507 796 3580 μέν]
819 3509 850 3565 in
868 3527 920 3565 rae.
939 3511 970 3567 P.
1061 3517 1084 3569 5.
1105 3513 1151 3584 τε]
1219 3558 1222 3563 .
