2446 3938
378 177 653 228 murmurosum
670 177 780 227 menn
797 179 845 228 nr.
947 181 949 184 ·
1055 175 1120 240 403

104 318 255 401 plicando
274 319 494 401 producantur
517 324 555 404 Β,
573 323 609 404 Γ,
629 325 671 384 A.
708 319 788 402 dieo,
809 338 961 383 numeros
984 323 1022 403 Β,
1036 321 1072 403 Γ,
1088 323 1121 382 A

245 480 336 530 Η,
594 426 706 490 solum
729 424 850 508 pariter
873 446 968 508 pares
992 446 1071 491 esse.

103 587 229 635 1--113
668 533 734 594 iem
750 531 896 614 singulos
913 552 1066 594 numeros
1082 536 1120 616 Β,

105 705 108 741 Ι
323 689 359 740 ,Γ
600 640 641 720 Γ,
674 642 707 700 A
743 637 865 720 pariter
901 658 996 719 pares
1039 658 1120 722 esse,

105 812 108 847 1
482 809 540 846 -Ι
547 799 572 845 A
602 742 812 807 manifestum
823 746 881 807 est.
913 743 1120 806 namabina-

603 849 652 912 rio
695 871 822 932 semper
863 849 1120 933 conduplicando

105 956 256 1039 producti
289 957 364 1017 sunt
397 953 474 1034 [VII
498 955 559 1018 def.
584 955 627 1035 8].
674 955 761 1038 dieo,
794 977 848 1020 eos
882 956 980 1020 etiam
1014 958 1120 1022 solum

104 1063 226 1145 pariter
254 1083 348 1142 pares
378 1082 456 1124 esse.
504 1063 650 1124 sumatur
679 1062 766 1124 enim
789 1063 908 1126 unItas.
954 1063 1020 1126 iam
1043 1085 1120 1146 quo·

104 1168 192 1230 niam
217 1167 257 1230 ab
282 1167 407 1229 unitate
432 1167 593 1249 quotlibet
615 1167 741 1231 numeri
761 1167 913 1251 deinceps
932 1171 1117 1252 proportio-

104 1273 195 1336 nales
221 1275 310 1354 sunt,
334 1275 367 1336 et
389 1273 509 1336 unitati
532 1273 699 1356 proximus
723 1279 756 1336 A
778 1274 900 1356 primus
925 1277 989 1357 est,
1016 1276 1118 1338 maxi-

104 1402 193 1443 mum
217 1399 425 1442 numerorum
444 1384 484 1462 A,
499 1383 537 1464 Β,
551 1382 588 1462 Γ,
604 1384 637 1442 A
659 1402 830 1444 numerum
850 1386 883 1444 A
905 1380 1014 1443 nullus
1035 1380 1118 1443 alius

104 1487 256 1549 metietur
278 1489 405 1569 praeter
424 1493 465 1570 A,
488 1490 526 1570 Β,
551 1487 584 1550 Γ
603 1488 705 1570 [prop.
724 1486 830 1568 XIII}
867 1491 900 1550 et
923 1486 1043 1571 singuli
1061 1507 1118 1549 nu-

104 1593 185 1655 meri
210 1598 249 1674 A,
272 1597 309 1674 Β,
333 1595 366 1656 Γ
382 1615 477 1676 pares
502 1599 587 1655 sunt.
626 1613 703 1677 ergo
729 1599 762 1655 A
786 1595 890 1671 selum
913 1593 1035 1676 puriter
1058 1614 1118 1675 par

105 1702 154 1760 est
170 1695 248 1776 [VII
259 1697 372 1777 dens}
396 1699 866 1781 similiter-demonstrabimus,
881 1700 980 1762 etiem
994 1702 1118 1762 utrum·

104 1824 165 1888 que
180 1806 219 1885 Β,
234 1803 267 1865 Γ
285 1803 387 1866 solum
412 1804 536 1887 pariter
557 1825 669 1886 parem
688 1825 772 1886 esse3
795 1805 880 1887 quod
900 1808 970 1868 erat
988 1804 1118 1869 demon·

105 1909 284 1973 strandum.
352 1991 356 1997 ι

535 1996 687 2061 XXXIII.

173 2102 207 2168 Si
234 2123 387 2166 numerus
412 2103 529 2186 aliquis
552 2103 720 2166 dimidium
744 2103 902 2185 imparem
925 2101 1039 2186 habet,
1068 2123 1117 2166 so·

103 2211 171 2274 lum
196 2211 319 2294 pariter
342 2209 449 2293 impar
472 2212 531 2273 est.

171 2316 256 2380 Nam
279 2338 431 2380 numerus
455 2321 487 2380 A
510 2316 678 2380 dimidium
701 2316 823 2380 habeat
845 2317 1012 2399 imparem.
1036 2315 1117 2399 dice,

103 2625 274 2697 numerum
293 2640 325 2697 A
349 2635 453 2698 solum
477 2635 601 2717 pariter
623 2635 782 2718 imparem
805 2655 883 2698 esse.
907 2636 973 2698 iam
995 2634 1120 2718 perIter

102 2740 259 2823 imparem
280 2762 353 2803 eum
374 2762 452 2823 esse,
472 2741 677 2804 manifestum
700 2745 761 2824 est3
780 2763 856 2804 nam
872 2742 1024 2805 dimidius
1040 2741 1118 2823 eius,

106 2847 160 2929 qui
183 2847 289 2929 impar
312 2851 371 2930 est,
395 2869 467 2910 eum
491 2848 614 2930 pariter
637 2848 772 2911 metitur
791 2847 869 2928 [VII
884 2847 944 2911 def.
960 2849 1003 2928 9].
1036 2849 1116 2932 dieo,

104 2973 177 3014 eum
206 2953 304 3016 etiam
333 2953 438 3016 solum
467 2953 590 3036 pariter
616 2954 774 3038 imparem
803 2976 883 3019 esse.
927 2977 1005 3019 nam
1034 2955 1062 3019 si
1084 2959 1117 3018 A

103 3057 200 3120 etiam
229 3057 351 3140 pariter
377 3081 437 3142 par
465 3060 540 3142 erit,
569 3081 630 3142 per
658 3082 731 3123 eum
758 3053 911 3124 numerus
941 3060 1116 3124 seeundum

102 3185 214 3246 parem
242 3185 412 3227 numerum
440 3165 593 3228 metietur
617 3164 696 3248 [VII
719 3165 781 3229 def.
799 3167 843 3246 8].
890 3188 988 3250 quere
1017 3166 1116 3229 etiam
1165 3151 1169 3160 ’

104 3269 273 3332 dimidium
298 3269 376 3352 eius
399 3270 454 3352 qui
477 3270 584 3352 impar
608 3275 667 3353 est,
689 3293 749 3353 par
771 3293 924 3335 numerus
948 3273 1114 3356 metietur3

103 3376 187 3459 quod
211 3374 386 3440 absurdum
406 3379 463 3439 est.
502 3396 578 3460 ergo
602 3382 635 3440 A
659 3378 763 3440 solum
786 3378 908 3461 pariter
926 3379 1032 3462 impar
1050 3383 1114 3463 est3

102 3481 188 3565 quod
211 3485 281 3545 erat
304 3481 599 3546 demonstrandum.

900 3586 955 3642 26*
