2446 3938
154 212 219 276 274
431 276 433 280 ,
531 212 734 265 momen
751 207 791 279 η’.

154 360 246 422 ἔστιν
280 352 346 441 ἀρα
379 350 425 432 ὥς
457 350 475 420 5
505 362 537 419 A
563 352 648 441 πρὸς
675 352 736 420 τὸυ
763 360 805 440 Β,
838 349 946 432 οὕτως
973 349 991 420 5
1022 360 1058 419 Δ
1089 351 1179 440 πρὸς

153 459 214 528 τὸν
241 468 279 527 Ε.
330 458 404 527 ἀλλ’
441 457 485 540 ὡς
517 457 535 527 5
564 468 597 526 A
624 458 709 546 πρὸς
734 458 796 527 τὸν
823 465 866 544 Β,
895 456 913 527 5
942 465 975 526 Γ
997 457 1085 546 πρὸς
1111 459 1177 528 τὸυ

155 575 203 634 A·
231 567 286 633 καὶ
314 563 359 645 ὡς
386 564 453 654 ἀρα
476 562 495 633 5
520 571 552 632 Γ
575 564 659 652 πρὸς
680 564 742 633 τὸυ
767 573 815 651 A,
841 562 860 634 5
884 574 918 632 A
940 564 1025 652 πρὸς
1047 564 1111 633 τὸν
1136 573 1176 633 Ε.

153 673 208 740 καὶ
232 672 301 740 ἐπεὶ
326 669 344 739 5
369 681 401 739 A
423 671 504 751 τοὺς
526 677 569 756 Γ,
595 680 628 738 A
650 673 943 752 πολλαπλασιάσας
969 670 1050 750 τοὺς
1075 679 1119 756 Ζ,
1139 678 1181 738 H

117 785 347 865 οπεποίηκευ,
372 783 464 845 ἔστιν
490 775 557 864 ἀρα
586 775 630 857 ὡς
658 774 676 844 5
704 782 737 844 Γ
761 776 847 865 πρὸς
873 776 934 846 τὸυ
958 786 1008 863 A,
1032 775 1175 862 [οὕτως]

154 883 172 954 5
202 893 229 951 Z
256 883 340 972 πρὸς
366 882 428 952 τὸν
456 889 499 950 Η.
545 880 591 963 ὡς
619 882 657 950 δὲ
685 880 703 951 5
732 889 764 951 Γ
787 882 872 971 πρὸς
898 883 960 952 τὸν
983 891 1032 969 A,
1062 883 1176 963 οὕτως

152 985 197 1079 ήυ
225 988 243 1059 5
267 1000 300 1058 A
323 990 407 1076 πρὸς
428 989 490 1058 τὸυ
513 996 556 1056 Β·
583 989 639 1056 καὶ
667 986 713 1068 ὥς
740 985 806 1077 ἀρα
835 987 853 1058 5
878 999 911 1058 A
937 988 1022 1078 πρὸς
1043 988 1106 1058 τὸν
1132 998 1175 1074 Β,

154 1095 172 1166 5
201 1105 229 1165 Z
256 1095 340 1184 πρὸς
362 1097 423 1163 τὸυ
446 1103 490 1163 Η.
534 1094 652 1181 πάλιν,
681 1095 751 1163 ἐπεὶ
774 1093 792 1162 5
816 1104 849 1163 A
870 1096 950 1175 τοὺς
974 1105 1017 1182 A,
1037 1103 1070 1162 E
1090 1104 1176 1163 πολ-

153 1201 382 1281 λαπλασιάσας
408 1201 489 1282 τοὺς
511 1208 608 1287 Η,Θ
637 1206 834 1288 πεποίηκεν,
862 1207 954 1270 ἔστιν
982 1201 1048 1290 ἀρα
1078 1198 1126 1282 ὡς
1156 1199 1174 1269 5

101 1339 135 1388 10
154 1319 188 1379 A
220 1309 305 1396 πρὸς
335 1310 395 1376 τὸν
423 1315 468 1393 Ε,
501 1305 519 1376 5
548 1314 588 1375 H
610 1307 694 1396 πρὸς
725 1307 787 1376 τὸυ
814 1315 851 1376 Θ.
897 1306 972 1376 ἀλλ’
1008 1306 1053 1388 ὡς
1085 1305 1105 1374 5
1140 1317 1175 1376 A

153 1417 237 1506 πρὸς
268 1415 329 1484 τὸυ
357 1423 402 1501 E,
431 1411 449 1482 5
478 1423 511 1482 A
537 1413 622 1500 πρὸς
650 1414 712 1483 τὸν
740 1423 777 1482 Β.
822 1416 879 1482 καὶ
912 1413 958 1494 ὥς
989 1415 1056 1502 ἀρα
1088 1412 1108 1482 5
1143 1424 1176 1483 A

152 1523 237 1610 πρὸς
262 1520 323 1590 τὸυ
351 1529 398 1607 Β,
428 1518 535 1600 οὕτως
563 1517 581 1589 5
609 1527 649 1588 H
672 1520 756 1608 πρὸς
782 1521 842 1590 τὸν
869 1530 907 1590 Θ.
926 1540 931 1549 ·
952 1521 1008 1589 καὶ
1037 1521 1110 1588 ἐπεὶ
1141 1523 1179 1590 ολ

153 1638 196 1714 A,
216 1636 243 1694 Β
266 1625 327 1695 τὸυ
351 1635 383 1694 Ε
402 1626 753 1708 πολλαπλασιάσαντες
774 1627 854 1709 τοὺς
877 1635 917 1714 Θ,
936 1634 971 1695 Κ
991 1626 1175 1714 πεποιήκα-

154 1754 225 1819 σιν,
258 1739 349 1801 ἔστιν
381 1731 446 1820 ἀρα
479 1730 524 1814 ὥς
556 1731 574 1802 5
605 1743 638 1802 A
669 1732 753 1823 πρὸς
784 1735 845 1802 τὸν
877 1743 923 1820 Β,
956 1732 1064 1813 οὕτως
1094 1732 1115 1802 5
1146 1741 1177 1802 Θ

103 1868 135 1917 15
154 1839 238 1928 πρὸς
268 1839 329 1906 τὸν
358 1845 401 1907 K.
447 1836 522 1907 ἀλλ’
558 1837 603 1920 ὡς
631 1837 649 1907 5
679 1848 711 1906 A
738 1839 822 1927 πρὸς
848 1840 909 1908 τὸν
937 1849 981 1925 Β,
1015 1837 1126 1918 οὕτως
1155 1837 1176 1908 5'

153 1972 189 2014 τε
213 1953 240 2013 Ζ
262 1945 347 2032 πρὸς
369 1945 430 2015 τὸυ
452 1953 492 2014 Η
510 1947 566 2014 καὶ
591 1944 666 2015 ὁΗ
684 1946 768 2035 πρὸς
790 1945 852 2015 τὸν
875 1954 912 2016 Θ.
954 1948 1009 2014 καὶ
1034 1943 1080 2026 ὡς
1104 1945 1176 2032 ἀρα

155 2050 173 2121 5
201 2059 228 2120 Z
255 2051 340 2136 πρὸς
365 2051 426 2121 τὸυ
453 2059 503 2139 H,
533 2053 639 2131 οὕτως
667 2050 687 2120 5'
718 2078 753 2119 τε
784 2060 821 2120 Η
852 2051 936 2140 πρὸς
966 2052 1027 2120 τὸν
1055 2059 1084 2120 Θ
1116 2053 1177 2120 καὶ

154 2157 172 2227 5
201 2166 230 2226 Θ
256 2156 341 2244 πρὸς
366 2157 426 2226 τὸυ
458 2164 503 2225 Κ·
537 2160 572 2225 οἱ
601 2164 644 2243 Γ,
670 2164 719 2244 A,
743 2165 776 2225 E
804 2157 872 2244 ἀρα
903 2158 959 2225 καὶ
992 2161 1026 2226 οἱ
1058 2164 1101 2242 Ζ,
1127 2165 1177 2246 Η,

153 2273 197 2350 Θ,
216 2271 251 2331 Κ
271 2264 443 2350 ἀνάλογόν
468 2269 554 2332 εἰσιν
577 2265 614 2331 ἐν
638 2268 683 2355 τῷ
707 2267 769 2331 τοῦ
791 2272 824 2331 A
842 2264 925 2351 πρὸς
943 2264 1004 2334 τὸυ
1023 2272 1051 2332 Β
1071 2263 1176 2357 λόγῳ.

100 2401 135 2449 20
154 2373 239 2458 λέγω
264 2371 322 2458 δή,
354 2372 405 2439 ὅτι
432 2371 489 2438 καὶ
517 2369 692 2458 ἐλάχιστοι.
738 2371 808 2438 ἐπεὶ
830 2370 895 2458 γὰρ
920 2375 955 2439 οἱ
978 2380 1025 2457 A,
1047 2379 1072 2438 Β
1098 2371 1176 2439 ἐλά-

154 2484 265 2566 χιστοί
293 2481 358 2544 εἰσι
388 2480 456 2544 τῶν
487 2474 551 2544 τὸν
583 2474 689 2544 αὐτὸν
726 2475 830 2563 λόγου
863 2477 1011 2566 ἐχόντων
1044 2474 1180 2564 αὐτοῖς,

155 2588 189 2652 οἱ
215 2583 252 2652 55
280 2582 447 2671 ἐλάχιστοι
470 2586 539 2652 τῶν
561 2581 625 2651 τὸν
648 2581 754 2651 αὐτὸν
777 2583 881 2670 λόγου
904 2583 1053 2672 ἐχόντων
1080 2588 1175 2667 πρῶ-

153 2716 205 2758 τοι
232 2690 316 2775 πρὸς
343 2686 510 2776 ἀλλήλους
538 2693 641 2774 εἰσίν,
671 2692 707 2757 οί
728 2698 775 2776 A,
794 2697 823 2757 B
846 2688 913 2779 ἀρα
936 2694 1062 2774 πρῶτοι
1085 2688 1176 2778 πρὸς

153 2793 318 2880 ἀλλήλους
345 2800 442 2864 εἰσίν.
480 2796 542 2890 ,καὶ
566 2795 722 2883 ἑκάτερος
750 2795 812 2882 μὲν
834 2801 904 2864 τῶυ
928 2803 1022 2882 Α,Β
1047 2796 1175 2864 ἑαυτὸν

100 2932 134 2980 25
153 2901 446 2982 πολλαπλασιάσας
474 2901 632 2987 ἑκάτερον
659 2908 729 2972 τάν
756 2909 800 2990 Γ,
819 2911 852 2971 Ε
871 2909 1066 2989 πεποίηκεν,
1096 2903 1176 2971 ἑκά-

153 3036 252 3098 τερον
285 3009 322 3077 δὲ
354 3013 422 3077 τῶν
454 3015 497 3095 Γ,
520 3016 553 3076 Β
582 3010 877 3090 πολλαπλασιάσας
909 3009 1068 3096 ἑκάτερον
1100 3015 1177 3078 τῶν

154 3126 197 3203 Ζ,
221 3123 255 3184 K
281 3121 473 3202 πεποίηκεν·
504 3117 540 3183 oc
565 3121 608 3201 Γ,
638 3123 670 3184 E
695 3114 762 3202 ἀρα
788 3117 904 3186 καλοί
925 3124 968 3202 Ζ,
987 3123 1022 3184 Κ
1043 3119 1177 3203 πρῶτοι

154 3221 236 3311 πρὸς
264 3220 432 3308 ἀλλήλους
460 3226 555 3290 εἰσίν.
601 3220 662 3290 ἑάυ
690 3222 728 3290 δὲ
756 3215 840 3290 ὦσιν
864 3220 1049 3291 ὁποσοιοῦν
1074 3220 1176 3308 ἀριθ-

156 3328 212 3414 μοὶ
237 3328 311 3413 ἑξής
334 3324 522 3414 ἀνάλογον,
552 3332 587 3396 οἱ
614 3328 652 3396 δὲ
679 3327 777 3416 άκροι
800 3326 913 3396 αὐτῶν
936 3333 1062 3417 πρῶτοι
1086 3331 1177 3416 πρὸς

224 3479 611 3610 ΖὸΓέοάτωςὸΓἿφ.
666 3483 1176 3560 3.καὶὼςάραὸΓπρὸςτὸυΔ]

153 3575 210 3628 mg.
229 3563 303 3614 m.2
366 3555 464 3612 addito
482 3557 512 3611 in
530 3558 585 3612 fine
605 3551 702 3621 οὕτως.
777 3554 854 3629 5A]
874 3559 922 3612 ιαὶ
942 3555 957 3612 ὁ
977 3564 1003 3611 A
1021 3559 1060 3626 V,
1080 3553 1177 3624 οὕτως

65 3648 200 3710 Α
