2446 3938
111 215 133 277 4
493 217 696 269 ΣΤΟΙΧΕΙΩΝ
715 211 749 270 ε’.

178 356 216 438 ζ’.
236 354 338 424 Ὅταν
361 356 399 424 δέ
421 359 490 425 τῶν
513 356 622 437 ίσάκις
643 360 903 425 πολλαπλασίων
926 353 964 422 τὸ
983 355 1044 442 μὲν
1063 358 1124 423 τοῦ

112 461 247 551 πράτου
288 462 540 531 πολλαπλάσιον
580 460 724 551 ὑπερέχῃ
766 467 827 530 τοὺ
864 466 924 530 τοῦ
966 462 1125 548 δευτέρου

112 572 379 652 πολλαπλασίου,
410 567 449 636 τὸ
484 568 522 636 δέ
553 573 615 636 τοὺ
647 573 763 655 τρίτου
795 568 1047 636 πολλαπλάσιον
1081 567 1125 653 μῆ

112 670 254 762 ὑπερέχῃ
287 678 348 742 τοῦ
380 677 443 742 τοὺ
479 673 637 760 τετάρτου
673 679 939 759 πολλαπλασίου,
976 673 1051 741 τότε
1086 670 1125 740 τό

76 783 246 865 σπρῶτον
282 778 365 867 πρὸς
395 778 434 848 τό
468 779 627 863 δεύτερον
664 786 829 866 μείζονα
865 778 987 865 λόγον
1020 784 1126 865 έχειν

113 885 256 970 λέγεται,
279 884 364 971 ῆπερ
387 883 424 954 τό
449 890 563 972 τρίτον
587 882 671 972 πρὸς
694 885 731 954 τὸ
757 887 927 973 τέταρτον.

179 990 224 1076 η’.
245 988 450 1075 Ἀναλογία
479 989 517 1058 δὲ
539 992 577 1059 έν
600 992 710 1078 τρισὶν
734 989 827 1079 ὅροις
849 992 1002 1078 ἐλαχίστη
1027 993 1128 1060 ἐστίν.

179 1097 227 1166 θ’.
243 1096 344 1166 Ὅταν
369 1097 407 1164 δὲ
428 1103 505 1183 τρία
528 1098 655 1184 μεγέθη
680 1095 851 1183 ἀνάλογον
873 1088 912 1185 ῆ,
935 1094 1126 1182 τὸπρῶτον

112 1200 197 1287 πρὸς
232 1202 270 1271 τὸ
307 1207 420 1289 τρίτον
458 1207 700 1272 διπλασίονα
737 1202 841 1289 λόγον
874 1207 962 1290 ἔχειν
998 1203 1127 1288 λέγεται

66 1321 96 1371 10
114 1308 198 1398 ῆπερ
222 1308 307 1397 πρὸς
328 1308 366 1377 τὸ
391 1308 559 1396 δεύτερον.

180 1414 215 1482 ι’.
230 1414 331 1483 Ὅταν
355 1414 393 1482 δὲ
415 1415 560 1501 τέσσαρα
582 1417 708 1502 μεγέθη
732 1413 905 1502 άνάλογον
923 1407 961 1504 ῆ,
984 1413 1021 1482 τὸ
1041 1418 1127 1502 πριό-

112 1546 173 1588 τον
205 1517 288 1606 πρὸς
323 1519 360 1587 τὸ
399 1521 559 1608 τέταρτον
595 1526 862 1607 τριπλασίονα
898 1521 1003 1607 λόγον
1040 1526 1128 1608 ἔχειν

113 1614 349 1711 λέγεταιῆπερ
373 1622 456 1712 πρὸς
477 1623 516 1694 τὸ
541 1624 715 1713 δεύτερον,
739 1625 795 1692 καὶ
818 1623 871 1694 άελ
895 1627 969 1712 ἑξῆς
993 1624 1127 1713 ὁμοίως,

114 1727 159 1810 ὡς
181 1726 226 1797 άν
248 1728 269 1816 ἡ
293 1730 458 1816 άναλογία
480 1727 625 1819 ὑπάρχῃ.

66 1856 95 1907 15
182 1836 239 1904 ια’.
258 1833 450 1923 Ὁμόλογα
483 1837 608 1923 μεγέθη
637 1837 767 1928 λέγεται
794 1835 833 1903 τά
865 1837 927 1923 μὲν
957 1835 1128 1924 ἡγούμενα

66 1930 70 1935 ’
114 1955 184 2022 τοῖς
206 1940 406 2029 ἡγουμένοις
428 1941 468 2011 τά
493 1943 531 2012 δὲ
550 1941 696 2029 ἑπόμενα
718 1956 788 2022 τοῖς
812 1944 994 2028 ἑπομένοις.

182 2047 239 2134 ιβ’.
260 2045 449 2130 Ἐυαλλάξ
478 2048 598 2135 λόγος
626 2049 695 2117 ἐστὶ
722 2053 823 2135 λῆψις
849 2051 911 2115 τοὺ
937 2045 1131 2134 ἡγουμένου

115 2152 198 2244 πρὸς
211 2154 249 2224 τὸ
269 2153 460 2243 ἡγούμενον
478 2155 610 2222 καὶτοῦ
624 2155 791 2240 ἑπομένου
804 2151 888 2240 πρὸς
901 2151 938 2220 τὸ
955 2153 1130 2240 ἑπόμενον.

183 2261 237 2348 ιγ’.
258 2259 472 2329 Ἀνάπαλιν
502 2259 620 2345 λόγος
649 2259 719 2326 ἐστὶ
747 2262 848 2344 λῆψις
875 2263 936 2326 τοῦ
960 2260 1130 2347 ἑπομένου

66 2387 97 2437 10
116 2363 160 2448 ὑς
183 2365 374 2454 ἡγουμένου
396 2365 481 2454 πρὸς
502 2362 540 2432 τὸ
565 2360 760 2450 ἡγούμενον
784 2361 829 2444 ὑς
853 2363 1028 2450 ἑπόμενον.

182 2473 238 2540 ιδ’.
262 2471 466 2549 Σύνθεσις
488 2460 611 2556 λόγου
634 2469 703 2537 ἐστὶ
727 2474 827 2557 λῆψις
855 2473 918 2539 τοὺ
937 2467 1129 2557 ἡγουμένου

115 2577 195 2665 μετά
224 2581 286 2644 τοῦ
317 2577 481 2663 ἑπομένου
505 2575 550 2656 ὑς
573 2574 650 2656 ἑνὸς
673 2575 758 2664 πρὸς
781 2573 863 2644 αὐτὸ
888 2573 926 2644 τὸ
956 2576 1132 2663 ἑπόμενον.

188 2793 212 2844 7.
231 2789 305 2844 Hero
331 2790 386 2845 def.
412 2796 475 2856 125,
499 2795 523 2845 5.
620 2796 645 2846 8.
669 2790 743 2846 Ηε1ο
767 2789 821 2844 def.
847 2795 907 2845 124.
1004 2795 1026 2843 9.
1056 2770 1144 2844 Heio¹

116 2859 169 2914 def.
190 2865 254 2929 125,
274 2867 298 2915 1.
390 2868 431 2916 11.
451 2861 525 2917 Ηοεο
544 2861 599 2917 def.
620 2867 679 2917 126.
772 2866 813 2914 12.
833 2860 906 2914 Hero
930 2859 984 2913 def.
1014 2866 1079 2928 12⁷,
1105 2867 1131 2915 6.

153 2936 194 2984 13.
213 2930 288 2986 Ηε1ο
307 2932 360 2987 def.
384 2939 447 3002 127,
467 2940 491 2987 2.
574 2938 616 2987 14.
635 2931 709 2986 Hero
728 2930 783 2986 def.
804 2936 868 2998 127,
888 2937 913 2986 3.

119 3058 332 3070 ——n-——q

189 3113 213 3160 2.
232 3104 365 3178 ὑπερέχει
387 3109 422 3178 Ρ,
447 3109 496 3164 sed
518 3127 587 3165 corr.
610 3127 648 3163 m.
673 3114 697 3164 1.
770 3113 795 3163 4.
815 3103 860 3179 τὸ]
885 3124 969 3178 supra
992 3125 1028 3162 m.
1056 3112 1070 3160 1
1095 3107 1128 3161 V.

116 3177 186 3232 Post
208 3178 262 3233 def.
283 3186 298 3233 ’ί
317 3196 372 3249 seq.
392 3175 531 3250 άναλογία
550 3179 582 3234 δέ
602 3176 677 3234 ἑστιν
695 3175 713 3246 ἡ
737 3179 793 3232 τῶν
815 3174 908 3247 λόγων
932 3174 1066 3247 ὁμοιότης
1083 3177 1129 3247 Fp

122 3249 152 3302 ελ
170 3247 196 3301 V
215 3249 281 3319 (del.
300 3250 427 3320 punctis,
453 3250 502 3304 sed
524 3254 629 3322 puncta
651 3251 755 3319 ε1ιιεο);
781 3249 918 3318 ο111.ΡΒ,
941 3249 1029 3318 Hero,
1053 3249 1133 3304 Cam·

120 3335 220 3440 Banna.
312 3326 335 3376 7.
355 3322 457 3392 τρισίν]
487 3341 539 3376 ·ιο-
567 3321 597 3375 in
619 3338 672 3376 ras.
696 3339 732 3376 m.
757 3326 773 3373 2
797 3319 831 3375 V.
921 3314 1074 3388 ἐλαχίστοις
1097 3320 1131 3373 V.

148 3389 183 3443 ef.
204 3396 238 3445 10
257 3407 311 3445 om.
330 3392 431 3446 Heron.
505 3398 547 3447 12.
566 3389 610 3463 τό]
631 3409 685 3448 om.
704 3391 734 3446 P.
806 3391 1000 3462 τριπλασίονα]
1025 3411 1082 3459 τρι·
1102 3391 1133 3444 in

120 3475 174 3514 ras.
189 3479 216 3530 p.
292 3468 333 3517 13.
349 3457 409 3534 άεί]
427 3460 487 3517 ιιίεί
494 3463 555 3519 Fv.
619 3458 767 3518 ααλάεί-
779 3467 826 3516 14:
841 3457 966 3534 ὑπάρχῃ]
982 3479 1036 3517 om.
1052 3462 1132 3518 Cam-

120 3546 219 3598 panus.
291 3538 331 3588 13.
348 3529 463 3605 ὁμοίως]
478 3533 513 3600 Ρ;
530 3529 572 3590 ἑνί
586 3536 700 3596 πλείους
713 3533 810 3587 Theon
825 3531 959 3602 (BFVp).
1025 3539 1066 3588 14.
1082 3528 1132 3604 ὡς]
