2446 3938
581 727 660 800 VH.

481 897 756 964 Definitiones.

183 1028 209 1090 1.
233 1024 352 1089 Unitas
376 1027 426 1087 est
449 1045 501 1108 ea,
524 1024 700 1088 secundum
725 1045 820 1108 quam
839 1045 1051 1107 unaquaeque
1074 1044 1126 1088 res
1156 1077 1159 1081 .

115 1153 180 1195 una
203 1130 396 1199 nominatur.

181 1238 211 1302 2.
234 1235 396 1302 Numerus
430 1240 538 1302 autem
572 1240 622 1302 est
659 1235 832 1302 multitudo
871 1257 909 1300 ex
946 1235 1126 1300 unitatibus

113 1343 302 1427 composita.

180 1438 210 1512 3.
233 1446 314 1512 Pars
338 1450 389 1512 est
411 1447 517 1512 minor
539 1470 691 1513 numerus
715 1447 861 1534 maioris,
891 1447 947 1513 ubi
970 1448 1127 1513 maiorem

114 1553 256 1620 metitur.

180 1661 210 1724 4.
233 1659 347 1725 Partes
372 1665 495 1744 autem,
518 1661 575 1725 ubi
599 1683 666 1726 non
688 1662 829 1726 metitur.

181 1765 210 1831 5.
233 1765 404 1853 Multiplex
428 1771 536 1831 autem
559 1768 663 1832 maior
687 1768 831 1851 minoris,
854 1768 910 1832 ubi
929 1769 1036 1833 minor
1055 1789 1127 1832 eum

112 1873 254 1937 metitur.

181 1980 211 2044 6.
234 1978 297 2044 Par
323 2000 477 2043 numerus
506 1983 569 2061 est,
597 1978 709 2062 quiin
733 1978 813 2043 duas
841 1983 950 2062 partes
977 1979 1127 2061 aequales

114 2085 276 2151 diuiditur.

182 2193 210 2257 7.
233 2192 345 2276 Impar
369 2196 492 2278 autem,
516 2193 571 2277 qui
593 2193 627 2256 in
651 2192 730 2256 duas
753 2196 865 2278 partes
890 2191 1041 2276 aequales
1063 2211 1129 2254 non

115 2298 282 2383 diuiditur,
306 2300 376 2364 siue
401 2301 457 2384 qui
480 2299 606 2364 unitate
632 2298 739 2363 differt
762 2322 781 2364 a
804 2298 877 2383 pari
899 2318 1044 2362 numero.

182 2406 211 2470 8.
234 2404 360 2470 Pariter
391 2428 449 2490 par
480 2408 529 2470 est
556 2427 725 2490 numerus7
757 2427 852 2490 quem
883 2426 944 2489 par
976 2424 1128 2466 numerus

117 2511 293 2576 secundum
315 2534 428 2598 parem
451 2535 621 2578 numerum
644 2509 818 2596 metitur.¹)

183 2619 213 2682 9.
236 2618 363 2683 Pariter
391 2623 499 2684 autern
526 2621 634 2705 impar
662 2622 724 2701 est,
758 2641 853 2703 quem
884 2639 944 2702 par
976 2637 1128 2680 numerus

116 2724 295 2788 secundum
318 2725 477 2809 imparem
500 2749 670 2790 numerum
694 2723 864 2811 mercare)
1194 2719 1199 2727 ’

193 2933 298 3002 1)Def.
327 2938 343 2988 8
372 2932 492 3003 scriptor
518 2935 612 2990 nescio
641 2935 716 3016 quis,
745 2935 794 3003 qui
815 2935 968 3005 Philoponi
992 2951 1131 3002 commen-

116 3004 222 3059 tarium
245 3003 274 3058 in
298 3003 503 3059 Nicomachum
521 3005 699 3090 retractauit,
723 3007 798 3087 apud
815 3005 912 3061 Hoche
931 3005 1041 3074 Philop.
1063 3011 1131 3059 1865

115 3095 143 3146 p.
168 3075 230 3130 V
222 3094 251 3130 m
280 3070 495 3162 quibusdam’
476 3071 668 3163 αντιγράφοις
686 3045 728 3130 ita
750 3075 859 3130 inuenit
881 3091 1070 3161 expressamz-
1083 3070 1132 3144 ἄρ-

119 3143 210 3208 τιάκις
217 3142 325 3236 αρτιός
344 3142 420 3202 ἐστιν
438 3140 592 3231 otqcoptc‘
581 3165 595 3200 o
615 3141 671 3200 ὑπὸ
692 3141 790 3214 ἀρτίου
804 3143 931 3216 ἀριθμοῦ
945 3141 1018 3199 κατὰ
1033 3140 1132 3215 ἄρτιον

118 3215 246 3286 comptu
265 3215 357 3288 μόνως
376 3211 579 3288 μετρούμενος,
600 3215 635 3271 de
653 3232 709 3284 qua
727 3217 865 3286 scriptura
881 3215 954 3272 falsa
971 3233 998 3272 1
1015 3216 1132 3272 Studien

115 3307 142 3358 p
187 3364 214 3429 2)
233 3360 275 3415 De
305 3358 407 3416 def.'
385 3381 395 3413 1
425 3358 600 3428 interpolata
622 3376 647 3412 u.
674 3357 791 3414 Studien
813 3378 840 3429 p.
866 3364 916 3416 198
938 3377 993 3429 sq.;
1017 3376 1070 3414 om.
1095 3359 1130 3412 ed

116 3430 201 3486 Basil.
221 3432 251 3486 et
269 3431 427 3502 Gregorius.
