2446 3938
135 177 201 242 374
510 175 712 228 Συοῑευιου
729 170 773 231 ε’.

134 319 196 405 μὲν
224 309 288 385 οῦν
316 325 349 384 Β
375 313 417 384 οῦ
448 315 687 404 μετρήσουσιν·
720 313 738 384 ὁ
772 314 839 403 γὰρ
866 323 899 384 Ε
923 317 1066 404 πρῶτός
1095 321 1162 389 ἐστι

135 425 191 492 καὶ
215 422 329 491 οὐδενὶ
348 426 416 491 τῶν
439 430 479 509 Β,
498 429 537 508 Γ,
557 430 590 489 Λ
609 419 627 490 ὁ
647 419 757 501 αὐτός.
798 419 858 490 τὸν
878 429 905 490 Ζ
925 421 995 508 άρα
1015 431 1160 513 μετροῦ-

135 551 190 598 σιν
219 529 386 598 ἐλάσσουα
414 527 496 597 ὄντα
524 532 586 596 τοῦ
613 537 660 595 Α·
694 527 776 614 ὅπερ
804 525 988 598 άὸῦνατον.
1042 528 1064 599 ὁ
1096 531 1160 619 γὰρ

134 646 166 705 A
188 633 361 704 ὑπόκειται
380 634 551 722 ἐλάχιστος
569 630 636 702 ῦπὸ
655 637 723 701 τῦν
743 641 782 719 Β,
801 639 839 720 Γ,
859 643 893 702 Δ
917 636 1159 724 μετρούμενος.

101 741 199 813 σοῦκ
221 741 287 830 άρα
311 739 372 809 τὸυ
394 750 426 808 Α
449 740 603 828 μετρήσει
626 743 756 827 πρῶτος
779 736 925 828 ἀριθμὸς
947 741 1056 831 παρὲξ
1089 749 1160 812 τῶν

135 857 179 934 Β,
198 855 242 935 Γ,
262 857 309 916 Δ·
334 845 415 935 ὅπερ
439 852 508 916 ἔδει
532 849 646 928 ὁεῑξαι.

615 1068 667 1108 ιε.

197 1165 285 1234 Ἐάν
303 1178 408 1253 τρεῖς
427 1164 594 1252 ἀριθμοὶ
614 1165 700 1250 ἑξής
719 1162 920 1250 άνάλογον
940 1157 1040 1235 ὦσιν
1068 1168 1158 1236 ἐλά-

133 1293 263 1360 χιστοι
291 1277 368 1339 τῶν
396 1270 465 1339 τὸν
493 1269 616 1338 αῦτὸν
646 1269 767 1356 λόγον
796 1270 970 1358 ἐχόντων
999 1269 1157 1362 αὐτοῖς,

80 1390 114 1440 10
134 1378 205 1446 δύο
239 1375 451 1445 ὁποιοιοῦν
482 1377 746 1456 συντεθέντες
774 1375 871 1462 πρὸς
903 1375 973 1445 τὸν
1005 1381 1155 1450 λοιπὸν

132 1489 286 1569 πρῶτοί
306 1487 421 1550 εἰσιν.
1046 1572 1051 1579 ,

188 1587 364 1656 Ἔστωσαν
391 1601 479 1676 τρεῖς
506 1585 648 1674 ἀριθμοὶ
676 1589 751 1674 ἑξής
780 1585 952 1685 άυάλογου
980 1591 1154 1679 ἐλάχιστοι

131 1699 200 1762 τῦυ
226 1693 287 1762 τὸυ
315 1691 420 1761 αὐτὸν
454 1693 557 1779 λόγον
590 1693 737 1780 ἐχόντων
773 1692 887 1775 αὐτοῖς
914 1697 951 1763 οἱ
977 1705 1027 1782 A,
1047 1706 1095 1785 B,
1115 1706 1154 1767 Γ’

132 1803 233 1888 λέγω,
267 1798 318 1869 ὁτι
345 1804 414 1869 τῶν
442 1808 489 1886 Α,
513 1807 557 1886 Β,
582 1806 615 1868 Γ
640 1802 702 1868 δύο
727 1798 903 1870 ὁποιοιοῦν
931 1805 1156 1887 συντεθέντες

80 1928 113 1978 15
132 1905 215 1993 πρὸς
236 1905 298 1974 τὸν
321 1905 441 1975 λοιπὸν
463 1911 593 1992 πρῶτοί
613 1909 710 1992 εἰσιν,
735 1909 771 1974 ολ
786 1906 848 1993 μὲν
872 1917 914 1992 Α,
937 1915 966 1975 Β
985 1908 1072 1997 πρὸς
1092 1909 1155 1980 τὸυ

131 2018 170 2098 Γ,
190 2015 225 2080 oc
241 2013 279 2081 ὁὸ
297 2018 383 2098 Β,Γ
401 2010 485 2100 πρὸς
502 2010 563 2079 τὸν
582 2020 614 2078 A
632 2011 688 2077 καὶ
707 2015 755 2078 ἔτι
774 2015 809 2079 ολ
825 2011 1014 2100 Α,Γπρὸς
1031 2013 1097 2082 τὸν
1117 2023 1155 2084 Β.

197 2118 433 2205 Εἰλήφθωσαν
460 2117 524 2204 γάρ
548 2116 715 2203 ἐλάχιστοι
738 2114 881 2204 ἀριθμοὶ
903 2122 971 2186 τῶν
999 2117 1062 2187 τὸν
1093 2119 1154 2190 αῦ-

131 2223 192 2293 τὸν
219 2224 323 2311 λόγον
353 2223 499 2311 ἐχόντων
527 2236 598 2301 τοῖς
625 2231 672 2308 A,
691 2231 736 2310 Β,
755 2230 787 2291 Γ
816 2223 879 2291 δύο
909 2227 944 2292 ολ
969 2232 1055 2311 ΔΕ,
1076 2234 1161 2295 ΕΖ.

131 2328 282 2418 φανερὸν
312 2335 371 2416 δή,
400 2328 451 2398 ὁτι
480 2326 498 2397 6
528 2328 589 2415 μὲν
614 2337 684 2396 ΔΕ
705 2329 826 2398 ἑαυτὸν
854 2331 1154 2414 πολλαπλασιάσας

79 2459 114 2508 εο
132 2436 194 2505 τὸυ
225 2445 258 2504 A
289 2441 484 2522 πεποίηκεν,
517 2434 578 2502 τὸν
607 2435 645 2503 ὁὶ
677 2442 739 2503 ΕΖ
766 2435 1063 2518 πολλαπλασιάσας
1090 2439 1154 2509 τὸυ

131 2549 159 2609 Β
182 2548 375 2628 πεποίηκεν,
403 2541 459 2609 καὶ
488 2545 535 2608 ἔτι
564 2537 582 2608 ὁ
613 2549 677 2609 ΕΖ
705 2541 827 2610 ἑαυτὸν
854 2542 1155 2627 πολλαπλασιάσας

130 2646 190 2715 τὸν
209 2653 242 2714 Γ
254 2654 443 2734 πεποίηκεν.
478 2647 535 2715 καὶ
554 2646 624 2715 ἐπεὶ
644 2650 679 2714 ολ
696 2655 774 2734 ΔΕ,
789 2656 852 2716 ΕΖ
868 2651 1037 2736 ἐλάχιστοί
1049 2655 1154 2740 εἰσιν,

132 2756 259 2838 πρῶτοι
290 2752 374 2840 πρὸς
405 2751 570 2838 ἀλλήλους
603 2757 698 2821 εἰσίν.
746 2752 805 2822 ἐὰν
838 2754 875 2822 ὁὸ
908 2753 971 2822 δύο
1003 2751 1154 2844 ἀριθμοὶ

130 2860 256 2944 πρῶτοι
283 2858 367 2946 πρὸς
390 2856 555 2944 ἀλλήλους
579 2851 678 2946 άσιν,
708 2860 765 2927 καὶ
789 2861 1043 2948 συναμφότερος
1066 2861 1155 2951 πρὸς

76 2988 110 3038 25
130 2963 288 3052 ἑκάτερον
310 2963 441 3052 πρῶτός
464 2966 567 3032 ἐστιν·
591 2966 646 3032 καὶ
670 2963 688 3032 6
714 2973 780 3033 AZ
803 2964 869 3053 άρα
888 2966 971 3054 πρὸς
990 2965 1155 3055 ἑκάτερον

201 3221 225 3268 1.
245 3209 412 3282 μετρήσουσι
430 3210 496 3279 ch,
517 3210 667 3278 μετροῦσιν
685 3209 717 3266 Β.
799 3207 875 3266 ε’στιυ
893 3211 923 3266 P.
1001 3217 1025 3266 2.
1046 3210 1153 3283 μετρή-

130 3300 226 3337 σουσιν
250 3283 312 3351 vv.
351 3289 375 3337 3.
397 3275 467 3350 ὅπερ
492 3275 567 3334 ἐστίν
590 3280 681 3349 Bvqo.
738 3288 762 3336 ⁷.
786 3277 842 3354 ιε’]
868 3299 968 3351 σοιφ.
1023 3288 1049 3339 9.
1074 3285 1153 3358 τῶν]

130 3371 184 3407 om.
204 3373 234 3418 φ.
310 3361 351 3408 10.
372 3348 526 3407 ὁποσοιοῦν
546 3369 564 3419 q
583 3353 612 3406 et
631 3369 715 3420 supra
734 3352 839 3423 scripto
858 3349 978 3408 ὁποιοῦν
997 3353 1029 3408 Β.
1108 3363 1154 3412 13.

130 3419 252 3490 ἑχόντων
271 3422 355 3491 λόγον
375 3443 405 3490 φ,
480 3428 519 3476 14.
541 3420 626 3490 λέγω,
647 3417 690 3476 ὅτι
708 3423 765 3477 τιῦν
784 3431 818 3491 A,
839 3429 873 3492 B,
895 3425 935 3496 Γ]
955 3442 1012 3494 mg.
1031 3443 1069 3480 m.
1088 3433 1101 3480 1
1119 3448 1152 3497 φ.

130 3493 187 3545 τῶν
205 3499 239 3561 Α,
259 3498 295 3563 Β,
316 3495 356 3565 Γ]
377 3511 430 3548 om.
450 3492 541 3562 B‚·m.
561 3499 577 3546 2
598 3494 630 3546 V.
722 3490 788 3566 δύο]
814 3512 868 3550 om.
886 3496 917 3549 B.
955 3491 1112 3552 ὁποσοιοῦν
1134 3518 1155 3569 q
