2446 3938
158 192 224 255 428
572 193 764 243 APPENDIX.

160 335 250 402 ἐστὶν
274 333 294 420 ἡ
319 341 392 401 ΝΕ
412 334 605 422 περιφέρεια
628 337 688 419 τῆς
709 339 772 400 ΕΖ
800 338 1028 421 περιφερείας,
1058 352 1174 400 τοσαυ-

159 443 350 506 ταπλασίων
375 439 443 506 ἐστὶ
465 438 521 505 καὶ
545 437 560 506 ‹‘
583 443 690 504 ΘΕΝ
704 434 824 524 τομεὺς
840 440 902 504 τοῦ
925 444 1023 504 ΘΕΖ
1042 440 1175 525 τομέως.

160 549 191 612 εί
212 543 277 630 άρα
297 553 353 630 ἴση
372 544 463 611 ἐστὶν
481 540 502 630 ἡ
523 550 589 610 BA
607 544 800 630 περιφέρεια
817 546 858 631 τῇ
878 550 952 610 ΕΝ
971 551 1174 635 περιφερείᾳ,

160 659 232 730 λ’σος
264 651 332 718 ἐστὶ
364 651 420 717 καὶ
449 648 466 718 ὑ
495 656 601 717 BHA
628 648 749 736 τομεὺς
774 654 820 741 τῷ
849 657 956 718 ΕΘΝ
979 665 1088 738 τομεῖ,
1121 652 1173 718 καὶ

125 762 191 825 σεί
218 755 369 845 ὑπερέχει
401 756 423 842 ἡ
453 763 519 822 BA
546 757 739 844 περιφέρεια
766 761 825 842 τῆς
852 763 925 823 ΕΝ
953 764 1174 845 περιφερείας,

159 862 311 952 ὑπερέχει
341 864 398 931 καὶ
427 861 444 930 ὑ
469 869 575 930 BHA
597 861 717 949 τομεὺς
739 867 801 930 τοῦ
824 870 933 930 ΘΕΝ
950 865 1093 950 νομέως,
1121 865 1174 931 καὶ

161 976 191 1039 εί
219 974 376 1055 ἐλλείπει,
404 972 553 1037 ἐλλείπει.
598 969 772 1057 τεσσάρων
803 967 845 1056 δὴ
875 966 986 1037 ὄντων
1020 973 1174 1056 μεγεθῶν

161 1077 223 1144 δύο
244 1076 306 1163 μὲν
323 1081 392 1143 τῶν
410 1081 483 1161 ΒΓ,
503 1084 565 1144 ΕΖ
583 1080 816 1165 περιφερειῶν,
836 1075 900 1143 δύο
920 1075 957 1144 δὲ
975 1079 1045 1144 τῶν
1063 1082 1174 1160 ΗΒΓ,

160 1191 255 1250 ΕΘΖ
285 1183 414 1269 τομέων
446 1191 596 1270 εἴληπται
627 1182 735 1262 ἰσάκις
765 1182 997 1250 πολλαπλάσια
1028 1186 1088 1268 τῆς
1116 1181 1174 1268 μέν

108 1305 141 1352 10
160 1295 228 1357 ΒΓ
246 1295 458 1378 περιφερείας
480 1290 536 1356 καὶ
559 1293 620 1357 τοῦ
644 1295 750 1356 ΗΒΓ
767 1286 938 1374 τομέοοςῆ
965 1314 1000 1355 τε
1028 1295 1096 1356 BA
1122 1313 1174 1356 πε·

161 1398 312 1484 ριφέρεια
335 1396 391 1463 καὶ
416 1394 434 1464 ὑ
456 1402 563 1463 HBA
586 1394 720 1481 τομεὺς,
743 1399 803 1480 τῆς
826 1393 864 1462 ὑέ
883 1401 946 1462 ΕΖ
964 1400 1174 1480 περιφερείας

160 1503 215 1568 καὶ
238 1505 299 1569 τοῦ
323 1507 418 1567 ΘΕΖ
441 1503 566 1587 τομέως
596 1501 705 1580 ίσάκις
731 1499 963 1568 πολλαπλάσια
995 1500 1017 1586 ἥ
1045 1525 1080 1567 τε
1109 1506 1178 1568 ΕΝ

161 1608 354 1693 περιφέρεια
376 1607 432 1674 καὶ
456 1605 474 1676 ὑ
498 1616 607 1676 ΘΕΝ
626 1606 757 1694 τομεύς·
780 1606 836 1673 καὶ
860 1607 1040 1692 δέδεικται,
1065 1605 1118 1674 ὅτι
1147 1610 1175 1674 εί

160 1711 311 1800 ὑπερέχει
330 1710 351 1800 ἡ
370 1721 436 1782 BA
453 1717 646 1803 περιφέρεια
664 1719 722 1800 τῆς
739 1720 814 1782 ΕΝ
832 1718 1054 1801 περιφερείας,
1078 1712 1175 1801 ὑπερ

109 1835 141 1883 15
161 1820 227 1906 έχει
254 1820 310 1887 καὶ
339 1818 357 1888 ὑ
385 1828 491 1888 BHA
518 1819 637 1907 τομεὺς
668 1825 729 1888 τοῦ
762 1826 866 1888 ΕΘΝ
892 1819 1031 1905 τομέως,
1064 1820 1121 1886 καὶ
1148 1824 1178 1888 εί

161 1933 233 2012 ίση,
257 1934 344 2013 ίσος,
367 1928 423 1994 καὶ
447 1932 478 1995 εί
500 1930 656 2014 ἐλλείπει,
686 1929 836 1995 ἐλλείπει.
878 1930 969 1993 ἐστιν
993 1923 1060 2011 άρα
1085 1922 1130 2006 ὡς
1155 1923 1175 2012 ἡ

96 2064 99 2069 ·
161 2040 229 2102 ΒΓ
246 2035 439 2120 περιφέρεια
462 2031 546 2122 πρὸς
568 2033 630 2120 τὴν
653 2041 731 2120 ΕΖ,
755 2031 862 2112 οὑτως
886 2029 904 2100 ὑ
928 2037 1033 2099 ΗΒΓ
1056 2037 1177 2118 τομεὺς

161 2139 245 2227 πρὸς
267 2139 328 2208 τὸν
352 2147 447 2206 ΘΕΖ
469 2141 580 2225 τομέα,

558 2333 779 2421 [Πόρισμα]

111 2473 146 2522 ιο
232 2459 301 2525 Καὶ
325 2463 441 2545 δῆλον,
466 2458 518 2526 ὅτι
540 2458 596 2525 καὶ
620 2455 665 2537 ιὺς
688 2455 706 2526 ὑ
730 2455 849 2545 τομεὺς
871 2459 955 2546 πρὸς
981 2455 1044 2525 τὸν
1065 2459 1178 2544 τομέα,

162 2562 269 2644 οὑτως
291 2564 347 2631 καὶ
370 2562 391 2651 ἡ
414 2569 520 2650 γωνία
544 2562 627 2652 πρὸς
649 2563 713 2651 τὴν
736 2569 874 2650 γωνίαν.

528 2777 638 2863 Uulgo
661 2777 740 2863 VII,
762 2780 814 2844 20.

227 2899 305 2968 Ἐάν
337 2915 424 2989 τρεῖς
452 2898 592 2988 άριθμοὶ
622 2897 793 2986 άνάλογον
827 2893 926 2985 ὦσιν,
959 2899 977 2968 ὑ
1011 2897 1076 2967 ὑπὸ
1109 2903 1178 2967 τῶν

162 3007 276 3095 άνρων
300 3014 372 3086 ίσος
396 3005 464 3074 ἐστὶ
487 3010 533 3099 τῷ
558 3004 623 3074 άπὸ
646 3011 707 3074 τοῦ
730 3007 842 3093 μέσον.
888 3006 944 3073 καὶ
973 3003 1032 3074 ἐὰν
1061 3001 1080 3072 ὑ
1110 3002 1179 3074 ὑπὸ

236 3248 258 3293 1.
278 3233 521 3300 τοσαυταπλάσιος
539 3238 621 3306 PBp.
708 3245 733 3292 3.
752 3236 938 3311 περιφερείᾳ]
959 3253 1012 3293 om.
1031 3236 1065 3292 V.
1152 3243 1179 3290 4.

162 3310 268 3380 ΕΘΝ]
294 3311 380 3378 BFp,
404 3310 496 3363 ΕΘΗ
517 3329 540 3376 φ
559 3312 588 3363 et
607 3324 708 3363 εοοια.
729 3308 790 3363 PV.
882 3314 906 3362 ὃ.
927 3308 995 3378 ΒΛ]
1015 3312 1037 3361 Β
1057 3323 1126 3362 eras.
1146 3307 1179 3362 B.

162 3386 186 3431 6.
207 3380 308 3449 ΒΗΛ]
328 3382 432 3434 BHin
450 3396 504 3434 ras,
524 3398 560 3434 m.
581 3385 596 3433 2
616 3380 649 3445 V,
670 3383 754 3433 HBA
772 3381 802 3434 Ρ.
877 3379 984 3449 ΘΕΝ]
1009 3380 1103 3431 ΕΘΝ
1122 3377 1179 3447 Fp.

112 3492 115 3497 .
162 3447 358 3520 7.δή]ιλέρ.
432 3459 456 3506 8.
476 3450 540 3522 μέν]
559 3451 682 3505 nm.
757 3449 1179 3519 10.BP]Beeorr.m.1p.

65 3474 143 3703 Ἴ
163 3523 206 3576 12.
225 3519 434 3576 πολλαπλάσιον
452 3521 485 3575 V.
561 3528 601 3576 13.
623 3520 663 3591 εί]
683 3537 751 3576 corr.
772 3539 805 3576 ex
824 3515 841 3588 ἠ
857 3521 881 3576 V
900 3538 937 3573 m.
952 3525 976 3573 2.
1052 3524 1093 3574 14.
1110 3520 1180 3591 BA]
