2446 3938
369 197 645 285 mnnnrronon
661 197 770 248 mnne
787 198 848 249 vn.
1048 191 1115 260 239

547 391 667 456 XXIV.

170 514 205 582 si
233 517 296 583 duo
324 516 450 583 numeri
478 504 519 581 eri
546 538 717 581 numerum
745 515 886 599 aliquem
908 515 1006 600 primi
1029 521 1114 602 sunt,

103 624 201 689 etiam
219 625 372 689 numerus
392 646 430 689 ex
447 623 488 689 iis
507 623 683 707 productus
700 620 742 686 ad
756 620 892 685 eundem
906 621 1030 706 primus
1045 624 1114 688 erit.

408 730 495 796 Nem
518 730 581 795 duo
603 729 730 795 numeri
752 735 797 812 A,
820 734 849 794 Β
875 729 917 794 ed
945 750 1115 794 numerum

343 838 485 922 aliquem
504 840 536 901 Γ
550 837 647 926 primi
666 837 740 920 sini,
759 857 776 899 e
777 837 850 901 tait
867 841 900 900 A
913 850 957 904 ><
971 840 1058 900 B=
1016 841 1114 900 -.A

342 944 424 1028 dieo,
448 943 546 1007 etiam
569 945 607 1026 Γ,
625 946 659 1005 A
677 929 763 1006 int'er
788 964 822 1007 se
844 943 966 1027 primos
990 963 1070 1007 esse.

408 1071 485 1114 nam
509 1049 538 1114 si
560 1051 598 1134 Γ,
612 1054 646 1113 A
666 1053 751 1114 inter
770 1071 804 1114 se
822 1050 921 1134 primi
940 1071 1007 1114 non
1030 1053 1116 1134 sunt,

340 1177 493 1220 numerus
517 1155 636 1241 aliquis
659 1178 813 1221 numeros
837 1157 874 1239 Γ,
898 1160 931 1220 A
954 1155 1114 1220 metietur.

255 1301 300 1370 „A
339 1265 408 1326 met
408 1262 441 1327 ia
441 1265 494 1326 tur
526 1266 559 1328 et
591 1263 634 1327 sie
668 1266 707 1328 E.
763 1266 796 1327 et
825 1262 978 1346 quoniam
1014 1264 1052 1346 Γ,
1083 1261 1116 1326 A

340 1373 426 1438 inter
454 1391 488 1434 se
514 1369 613 1452 primi
641 1371 731 1456 sunt,
758 1372 792 1434 ee
812 1391 983 1435 numerum
1006 1371 1038 1434 Γ
1056 1391 1116 1433 nu-

102 1499 208 1543 merus
235 1479 352 1564 aliquis
377 1484 409 1545 E
424 1482 570 1563 metitur,
592 1479 720 1544 numeri
742 1483 783 1561 A,
805 1481 838 1541 Ε
853 1478 938 1541 inter
962 1498 996 1541 se
1018 1476 1116 1561 primi
1154 1560 1164 1568 ·

102 1588 177 1648 sunt
202 1587 309 1670 [prop.
326 1585 462 1669 XXIII}
496 1588 624 1672 quoties
647 1586 748 1672 igitur
762 1589 794 1648 E
809 1607 980 1651 numerum
995 1587 1029 1646 A
1047 1604 1115 1648 me-

101 1691 191 1772 titur,
213 1695 264 1755 eor
286 1692 428 1757 unitates
447 1695 520 1757 ‘sint
542 1693 576 1757 in
593 1697 629 1756 Z.
662 1713 762 1776 quare
785 1693 885 1756 eiiam
900 1696 928 1755 Z
945 1712 1115 1755 numerum

103 1800 136 1858 A
160 1795 293 1858 meritur
321 1797 507 1861 seeundum
525 1798 668 1862 unitates
694 1797 821 1861 numeri
844 1802 876 1860 Ε
904 1799 1010 1881 [prop.
1028 1795 1116 1876 xvj.

102 1900 211 1982 itaque
225 1903 257 1962 E
269 1915 312 1970 ><
327 1905 354 1964 Z
369 1893 411 1954 τέ
423 1907 455 1964 A
470 1901 547 1982 [def.
558 1902 623 1982 15].
646 1924 759 1966 uerum
773 1904 873 1967 etiem
886 1907 918 1966 A
928 1918 970 1970 ><
980 1906 1008 1966 B
1020 1933 1062 1955 =
1073 1908 1116 1968 A.

103 2005 212 2090 itaque
232 2012 264 2072 Ε
276 2022 319 2076 ><
334 2011 362 2070 Z
376 2037 418 2059 =
433 2013 465 2071 A
479 2019 522 2073 ><
535 2012 573 2072 B.
610 2029 724 2071 uerum
746 2007 803 2070 ubi
825 2028 977 2070 numerus
1001 2029 1040 2071 ex
1063 2029 1115 2070 ex·

102 2114 216 2177 'eremis
239 2113 425 2198 productus*
438 2135 575 2179 numero
600 2135 639 2177 ex
662 2110 776 2175 mediis
795 2111 952 2196 producto
972 2111 1116 2195 aequalis

103 2225 161 2306 esi,
185 2224 339 2306 quattuor
361 2222 488 2286 numeri
510 2218 772 2305 proportionales
791 2221 868 2284 sunt
891 2220 996 2302 [prop.
1014 2216 1116 2298 XIX].

102 2329 212 2412 itaque
233 2333 280 2392 E:
292 2334 323 2391 A
333 2360 375 2382 =
385 2333 414 2393 B
425 2355 432 2394 :
444 2335 479 2394 Z.
512 2328 568 2393 sed
582 2335 623 2412 A,
637 2333 670 2393 Ε
685 2327 783 2412 primi
797 2330 881 2411 euni,
895 2325 993 2410 primi
1008 2327 1116 2395 autem

103 2436 202 2500 etiem
225 2435 352 2499 minimi
377 2439 454 2501 suni
475 2437 578 2519 [prop.
592 2434 696 2519 XXI],
719 2434 845 2499 minimi
864 2437 974 2498 autem
991 2432 1119 2496 numeri
1149 2457 1152 2461 ’

103 2564 228 2627 eorum,
253 2541 308 2627 qui
327 2540 462 2606 eandem
480 2542 639 2606 rationem
657 2541 788 2626 hebent,
810 2561 961 2606 numeros
981 2539 1117 2604 eandem

101 2651 262 2714 rationem
285 2649 443 2714 habentes
467 2648 645 2732 aequaliter
668 2647 859 2734 metiuntur,
888 2647 991 2712 maior
1014 2646 1117 2711 maio-

101 2777 170 2819 rem
198 2759 231 2818 ei
258 2755 364 2819 minor
391 2755 550 2820 minorem
575 2757 679 2840 [prop.
698 2754 772 2836 XX]
779 2806 788 2839 ,
816 2755 848 2819 h.
872 2777 897 2820 e.
921 2753 1115 2839 praecedens

101 2860 349 2944 praecedentem
372 2865 405 2925 et
428 2883 565 2945 sequens
590 2865 785 2947 sequentem.
822 2861 932 2946 itaque
953 2865 986 2926 Ε
1005 2882 1116 2927 nume-

180 1071 202 1120 Β
287 1074 313 1153 ir

144 816 239 1189 Γ

147 1227 244 1369 Γ

117 1282 138 1332 Ζ

101 3109 164 3163 add
188 3125 225 3162 m
249 3124 303 3162 reo
340 3108 410 3162 Post
426 3111 453 3160 A
472 3107 535 3162 add.
556 3106 623 3176 Vp.
648 3101 798 3198 ἀριθμούς
889 3102 1025 3194 ἀριθμός]
1046 3123 1115 3161 eorr.

100 3197 135 3234 ex
152 3173 296 3249 ἆριθμους
313 3196 350 3233 m.
370 3195 424 3234 ree.
443 3178 474 3232 P.
567 3183 609 3234 11.
629 3174 659 3231 οι
676 3181 712 3248 Γ,
705 3179 826 3321 ,WAVJ
797 3196 867 3234 corr.
891 3195 925 3232 ex
949 3173 964 3232 ὁ
986 3180 1063 3245 Γφ,
1084 3194 1117 3232 ex

101 3246 471 3338 oiP,Apm.2;o[A,
491 3247 563 3303 ΓΡ.
619 3248 738 3304 niele
804 3271 834 3320 φ.
889 3248 1115 3340 A,E]E,.Ap

136 3328 177 3377 13.
197 3317 267 3393 ἄρα]
286 3339 340 3377 om
359 3319 421 3407 Vp.
516 3325 558 3376 19
578 3318 682 3446 foer)
669 3269 798 3390 reovep
871 3325 915 3375 20.
935 3317 984 3408 οἷ]
998 3314 1116 3390 MP,

92 3394 154 3474 nel.
174 3412 210 3448 m.
229 3410 284 3448 ree.
321 3387 456 3462 ἀνάλογοι
468 3409 496 3462 p.
569 3397 604 3446 25
647 3386 798 3450 λάττωνΡ.
871 3397 914 3447 26.
935 3363 1116 3448 ἐλάττοναΡ.
