2446 3938
132 176 173 240 78
507 170 768 228 Σνοιεπιοας.
847 132 856 147 ’

130 318 261 404 γώνου
283 317 467 407 πλευράς·
491 317 554 384 καὶ
575 315 643 384 ἐὰν
663 284 791 384 αἰτοῦ
808 314 1011 408 τριγώνου
1029 325 1148 386 πλευ-

130 425 195 512 ραὶ
237 422 440 510 ἀνάλογον
480 426 702 509 τμηθῶσιν,
743 449 764 509 η
807 423 870 493 ἐπὶ
910 421 980 501 τὰς
1020 421 1147 509 τομὰς

130 530 442 616 ἐπιζευγνυμένη
467 527 609 597 εὐθεῖα
638 527 742 616 παρὰ
765 527 838 615 τὴν
871 526 1014 616 λοιπὴν
1034 534 1146 598 ἔσται

129 639 199 703 τοῦ
221 634 421 722 τριγώνου
443 634 633 724 πλευράν.

94 759 110 808 5
200 742 376 830 Τριγώνου
411 739 475 830 γὰρ
511 745 574 810 τοῦ
607 745 709 808 ΑΒΓ
737 739 949 829 παράλληλος
982 745 1042 832 μιᾷ
1072 749 1145 813 τών

128 851 282 936 πλευρῶν
305 851 344 936 τῇ
367 844 435 914 ΒΓ
453 845 549 934 ἤχθω
572 844 593 933 ἡ
619 854 699 914 ΔΕ·
728 850 832 933 λέγω,
861 847 913 915 ὅτι
937 848 1027 917 ἐστὶν
1051 846 1142 937 ώςὴ

128 962 196 1022 ΒΔ
217 955 302 1043 πρὸς
324 954 386 1040 τὴν
410 962 495 1039 ΔΑ,
520 951 627 1033 οὕτως
649 951 670 1040 ἡ
694 959 759 1021 ΓΕ
780 952 863 1043 πρὶς
885 953 947 1040 τὴν
971 962 1046 1022 ΕΑ.

192 1059 464 1148 Ἐπεζεύχθωσαν
487 1058 552 1147 γὰρ
576 1062 613 1126 αλ
634 1067 714 1147 ΒΕ,
729 1066 800 1129 ΓΔ.

186 1166 280 1235 Ἴσον
308 1168 374 1255 ἄρα
402 1167 470 1236 ἐστὶ
497 1165 534 1234 τὸ
559 1173 665 1234 ΒΔΕ
686 1173 853 1255 τρίγωνον
882 1169 927 1259 τῷ
951 1172 1053 1235 ΓΔΕ
1072 1193 1143 1256 τρι-

76 1291 109 1340 10
127 1273 238 1364 γώνω·
271 1274 324 1342 ἐπὶ
350 1272 416 1362 γὰρ
444 1277 503 1360 τῆς
530 1270 633 1360 αὐτῆς
661 1272 791 1359 βάσεώς
819 1276 887 1342 ἐστι
911 1276 971 1359 τῆς
994 1281 1065 1341 ΔΕ
1085 1275 1144 1342 καὶ

128 1383 165 1449 ἐν
192 1394 265 1459 ταῖς
292 1377 408 1459 αὐταῖς
434 1378 659 1468 παραλλήλοις
690 1393 762 1460 ταῖς
790 1387 871 1467 ΔΕ,
888 1387 964 1448 ΒΓ·
993 1377 1076 1448 ἄλλο
1104 1383 1147 1450 δέ

126 1512 159 1552 τι
186 1485 223 1553 τὸ
248 1493 359 1553 ΑΔΕ
384 1491 559 1572 τρίγωνον.
605 1484 645 1554 τὰ
670 1485 707 1554 δὲ
731 1495 786 1555 ἶσα
809 1485 893 1574 πρὸς
916 1485 953 1554 τὸ
979 1485 1060 1555 αὐτὸ
1080 1486 1144 1556 τὸν

100 1590 232 1689 ,αὐτὸν
261 1597 326 1679 ἔχει
354 1591 471 1678 λόγον·
499 1597 589 1661 ἔστιν
618 1591 683 1682 ἄρα
714 1589 759 1672 ώς
786 1591 824 1660 τὸ
847 1600 954 1661 ΒΔΕ
975 1599 1144 1681 τρίγωνον

127 1698 211 1785 πρὸς
233 1696 271 1766 τὸ
295 1705 403 1765 ΑΔΕ
425 1704 631 1787 [τρίγωνον],
655 1699 762 1777 οὕτως
790 1697 828 1766 τὸ
853 1704 959 1767 ΓΔΕ
974 1705 1144 1788 τρίγωνον

75 1823 107 1872 16
126 1805 210 1893 πρὸς
238 1803 276 1872 τὸ
310 1811 417 1872 ΑΔΕ
446 1812 622 1893 τρίγωνον.
680 1803 753 1873 ἀλλ’
788 1803 832 1884 ώς
870 1805 931 1892 μὲν
963 1804 1001 1874 τὸ
1038 1814 1147 1875 ΒΔΕ

126 1917 292 2001 τρίγωνον
324 1909 408 2000 πρὸς
439 1910 477 1980 τὸ
508 1919 629 1998 ΑΔΕ,
664 1913 770 1990 οὕτως
802 1909 823 1998 ἡ
856 1919 927 1979 ΒΔ
958 1912 1042 2002 πρὸς
1078 1911 1144 2000 την
1187 1979 1189 1983 .

127 2027 209 2086 ΔΑ·
242 2015 306 2086 ὑπὸ
339 2017 403 2108 γὰρ
431 2017 468 2086 τὸ
498 2017 582 2087 αὐτὸ
610 2019 697 2101 ὕψος
724 2016 805 2087 ὅντα
832 2016 894 2104 τὴν
928 2016 992 2087 ἀπὸ
1020 2029 1081 2087 τοῦ
1109 2027 1146 2087 Ε

127 2126 178 2194 ἐπὶ
210 2124 272 2212 τὴν
302 2132 367 2192 ΑΒ
397 2124 544 2194 κάθετον
575 2123 745 2226 ἀγομένην
776 2123 860 2212 πρὸς
890 2123 1018 2210 ἄλληλά
1050 2129 1140 2195 εἰσιν

126 2230 171 2312 ώς
193 2237 231 2300 αλ
254 2234 375 2319 βάσεις.
423 2231 478 2299 διὰ
502 2230 543 2298 τὰ
563 2229 649 2299 αὐτὰ
668 2231 710 2315 δὴ
732 2228 777 2310 ὡς
796 2230 833 2299 τὸ
854 2237 955 2299 ΓΔΕ
971 2237 1142 2318 τρίγωνον

72 2339 207 2427 λυπρὸς
242 2339 281 2408 τὸ
309 2345 429 2424 ΑΔΕ,
468 2335 574 2415 οὕτως
609 2333 630 2422 ἡ
663 2341 729 2404 ΓΕ
756 2336 839 2426 πρὸς
871 2337 933 2425 τὴν
966 2345 1046 2406 ΕΑ·
1083 2341 1143 2407 καὶ

126 2444 171 2526 ώς
203 2445 269 2536 ἄρα
298 2444 319 2533 ἡ
352 2453 420 2512 ΒΔ
452 2443 534 2532 πρὸς
566 2442 628 2530 τὴν
661 2452 748 2531 ΔΑ,
782 2441 888 2535 οὕτως
916 2441 938 2531 ἡ
966 2450 1032 2512 ΓΕ
1056 2445 1145 2534 πρὸς

124 2552 186 2639 την
205 2561 275 2621 ΕΑ.

189 2656 286 2727 Ἀλλὰ
311 2657 353 2743 δὴ
378 2659 415 2723 αλ
435 2660 495 2724 τοῦ
519 2662 622 2724 ΑΒΓ
639 2657 807 2747 τριγώνου
830 2657 971 2742 πλευραὶ
1000 2661 1036 2725 αλ
1059 2666 1139 2746 ΑΒ,

125 2771 193 2832 ΑΓ
212 2761 384 2848 ἀνάλογον
406 2762 658 2850 τετμήσθωσαν,
682 2762 728 2843 ὡς
745 2753 855 2851 ἡΑΒΔ
873 2763 958 2849 πρὸς
975 2763 1039 2850 τὴν
1058 2773 1142 2854 ΔΑ,

71 2889 105 2939 25
126 2867 232 2948 οὕτως
263 2866 284 2954 ἡ
313 2874 378 2936 ΓΕ
403 2868 486 2958 πρὸς
511 2868 574 2957 τὴν
602 2877 684 2956 ΕΑ,
712 2871 767 2937 καὶ
796 2869 983 2957 ἐπεζεύχθω
1011 2867 1032 2956 ἡ
1057 2878 1143 2938 ΔΕ·

124 2976 225 3062 λέγω,
250 2974 300 3042 ὅτι
322 2975 533 3064 παράλληλός
557 2979 646 3046 ἐστιν
670 2973 690 3062 ἡ
716 2984 786 3044 ΔΕ
806 2980 845 3066 τῇ
869 2983 941 3045 ΒΓ.

195 3084 270 3150 Τών
303 3081 367 3170 γὰρ
401 3081 513 3152 αὐτῶν
545 3084 900 3170 κατασκευασθέντων,
938 3084 1012 3151 ἐπεί
1046 3085 1139 3153 ἐστιν

123 3245 338 3258 —u--au—

196 3320 220 3369 1
239 3313 313 3368 Ante
333 3310 385 3369 ἐών
404 3322 419 3369 2
439 3315 494 3371 litt.
515 3331 585 3369 eras.
599 3313 633 3369 V.
706 3321 731 3370 θ.
746 3310 823 3381 παρὰ
838 3311 890 3384 τὴν
905 3311 1019 3388 λοιπήν]
1034 3318 1138 3372 ωαλολ.

123 3383 153 3437 in
171 3403 248 3470 παρα
242 3382 347 3454 λληλος
365 3406 398 3457 τη
418 3388 500 3456 λοιπῇ
520 3386 542 3438 Β
560 3402 597 3439 m
616 3385 773 3452 recentiss·
797 3385 826 3440 in
845 3387 867 3440 F
888 3403 1042 3457 suprascr.
1061 3403 1099 3444 m
1120 3394 1138 3442 2

123 3452 305 3543 παραλληλος.
382 3462 496 3512 4.υτιλε
498 3453 564 3528 ράν]
586 3457 718 3513 mutat.
709 3475 740 3511 m
757 3457 865 3540 πλευρᾷ
846 3475 921 3512 am
940 3457 1084 3514 recentiss
1103 3459 1136 3514 Β

160 3533 183 3581 7.
203 3524 265 3599 τήν]
290 3530 391 3597 postea
412 3526 507 3583 insert
532 3547 562 3596 φ
635 3523 699 3599 τήν]
723 3530 823 3596 postea
845 3511 941 3584 msert.
961 3549 992 3598 φ.
1065 3530 1137 3601 ΕΑ]
