2446 3938
114 191 179 273 232
493 189 695 243 Στοιαοιοα
713 186 748 254 τ’.

114 339 159 424 τῷ
192 331 282 425 αὐτῷ
315 330 405 424 λόγῳ
438 331 525 400 εἰσὶν
554 330 732 410 ἐλάσσονες
764 331 858 412 ὄντες
888 328 1016 399 αὐτῶν·
1051 328 1137 420 ὅπερ

116 440 206 508 ἐστὶν
224 435 413 531 ἀδύνατον·
436 434 631 506 ὑπόκεινται
653 438 718 526 γάρ
738 442 773 506 σι’
790 445 863 524 ΓΔ,
883 445 946 505 ΕΖ
965 435 1138 524 ἐλάχιστοι

115 548 183 613 τῶν
206 543 267 612 τὸν
289 541 396 611 αὐτὸν
419 543 523 630 λόγον
543 543 688 630 ἐχόντων
707 541 833 624 αὐτοῖς.
878 542 941 614 οὐκ
959 545 1026 631 άρα
1049 545 1136 631 μέρη

117 651 207 718 ἐστὶν
231 648 249 718 5
273 658 335 720 ΓΛ
357 655 419 719 τοῦ
442 659 487 718 A·
511 651 612 738 μέρος
635 649 710 739 άρα.
748 651 804 718 καί
829 648 847 719 5
872 659 934 718 ΕΖ
957 653 1018 719 τοῦ
1041 658 1070 718 Β
1095 649 1137 719 τά

81 756 198 827 ταύτὸ
230 760 330 846 μέρος
362 760 468 844 ἐστίν,
502 757 584 846 ὅπερ
617 755 635 825 5
664 764 727 826 ΓΔ
758 760 820 826 τοῦ
847 766 879 824 Α
887 780 893 793 ·
925 756 1035 836 ἰσάκις
1068 757 1138 846 ἄρα

117 865 134 937 ὁ
168 871 231 932 ΓΔ
260 863 320 934 τὸν
353 874 385 931 A
416 878 530 951 μετρεῖ
559 865 615 932 καὶ
648 861 666 932 5
699 871 762 931 ΕΖ
789 863 851 931 τὸν
879 871 920 931 Β·
955 864 1035 951 ὅπερ
1066 867 1138 932 ἔδει

118 976 232 1054 δεῖξαι.

592 1093 657 1161 κοί.

186 1225 236 1289 Oi
251 1223 400 1309 πρῶτοι
419 1215 517 1304 πρὸς
535 1200 733 1304 ἀλλήλους
747 1217 916 1304 ἀριθμοὶ
931 1215 1143 1303 ἐλάχιστοί

66 1351 99 1402 10
119 1333 196 1398 εἰσι
220 1331 296 1395 τῶν
319 1325 388 1393 τὸν
413 1321 536 1391 αὐτὸν
560 1322 682 1409 λόγον
707 1322 879 1411 ἐχόντων
902 1321 1047 1403 αὐτοῖς.

174 1433 350 1502 Ἔστωσαν
382 1435 509 1519 πρῶτοι
541 1428 626 1514 πρὸς
657 1420 823 1516 άλλῆλους
857 1428 997 1516 ἀριθμοὶ
1030 1432 1066 1497 οἰ
1092 1441 1167 1519 A„

118 1550 159 1610 B·
183 1541 285 1626 λέγω,
308 1538 361 1605 ὅτι
383 1539 420 1604 οἰ
440 1543 534 1622 Α,Β
559 1537 729 1622 ἐλάχιστοί
756 1540 821 1603 εἰσι
847 1540 915 1603 τῶν
942 1535 1003 1604 τὸν
1030 1534 1140 1609 αὐτὸν
1195 1556 1199 1564 ’

118 1646 222 1732 λόγον
246 1644 391 1730 ἐχόντων
414 1638 538 1721 αὐτοῖς.

186 1753 231 1817 Εἰ
258 1746 323 1835 γὰρ
355 1744 415 1833 μή,
448 1751 588 1815 ἔσονταί
616 1771 704 1826 τινες
735 1750 804 1815 τῶν
830 1755 925 1832 Α,Β
959 1746 1140 1831 ἐλάσσονες

67 1880 100 1929 ιτ
119 1855 261 1943 ἀριθμοὶ
285 1856 322 1921 ἐν
344 1857 389 1946 τῷ
415 1849 505 1945 αὐτῷ
529 1852 618 1944 λόγῳ
644 1851 739 1932 ὄντες
756 1866 826 1932 τοῖς
845 1861 887 1940 A,
907 1861 944 1922 Β.
986 1859 1139 1925 ἔστωσαν

119 1966 156 2033 οἰ
176 1968 214 2048 Γ,
233 1968 276 2029 Δ.

183 2066 273 2136 'Emi
306 2055 369 2134 οὖν
403 2066 438 2132 οἰ
468 2062 635 2151 ἐλάχιστοι
666 2061 807 2150 ἀριθμοὶ
838 2070 908 2134 τάν
939 2064 1000 2135 τὸν
1033 2065 1140 2136 αὐτὸν

121 2175 224 2262 λόγον
248 2170 397 2261 ἐχόντων
420 2173 580 2258 μετροῦσι
601 2169 682 2249 τοὺς
704 2169 765 2237 τὸν
788 2168 893 2238 αὐτὸν
917 2171 1021 2258 λόγον
1045 2177 1140 2259 ἔχον-

119 2308 178 2361 τας
210 2278 319 2357 ἰσάκις
352 2276 372 2344 ὅ
398 2300 434 2342 τε
462 2280 581 2361 μείζων
608 2274 669 2342 τὸν
697 2281 831 2362 μείζονα
857 2277 913 2345 καὶ
941 2275 960 2344 5
991 2277 1139 2348 ἐλάττων

67 2411 102 2460 20
119 2387 182 2455 τὸν
211 2372 386 2466 ἐλάττονα,
413 2381 585 2448 τουτέστιν
617 2381 637 2449 5'
664 2408 699 2450 τε
726 2379 915 2469 ἡγούμενος
944 2383 1005 2452 τὸν
1036 2382 1140 2470 ἡγού-

120 2519 224 2580 μενον
251 2489 307 2559 καὶ
331 2484 350 2555 5
375 2485 538 2572 ἑπόμενος
560 2485 621 2554 τὸν
645 2485 827 2574 ἑπόμενον,
852 2487 960 2569 ἰσάκις
983 2488 1049 2578 άρα
1072 2487 1090 2558 5
1110 2497 1145 2559 Γ

119 2598 179 2668 τὸν
208 2608 240 2666 Α
267 2605 381 2683 μετρεῖ
405 2592 462 2660 καί
489 2619 508 2659 ο
537 2601 571 2660 Δ
597 2591 658 2661 τὸν
686 2601 724 2661 Β.
770 2590 885 2674 ὁσάκις
914 2594 955 2681 δὴ
986 2593 1003 2663 5
1028 2601 1061 2662 Γ
1077 2594 1139 2665 τὸν

119 2713 153 2774 A
180 2715 306 2792 μετρεῖ,
333 2703 493 2768 τοσαῦται
520 2698 666 2786 μονάδες
694 2703 843 2768 ἔστωσαν
872 2704 908 2768 ἐν
930 2705 976 2793 τῷ
1000 2709 1038 2770 Ε.
1081 2703 1139 2771 καὶ

194 2887 218 2934 1.
238 2873 331 2958 ὄντες]
352 2893 405 2930 om.
425 2896 455 2943 φ.
528 2882 553 2931 2.
578 2872 670 2948 ἐστίν]
695 2876 730 2944 Ρ,
754 2894 808 2932 om.
832 2877 947 2948 Bthp.
1021 2885 1046 2934 3.
1072 2877 1137 2952 τόν]

121 2970 175 3008 om.
195 2951 226 3004 Β.
294 2942 395 3017 αντόν]
414 2963 468 3000 om.
488 2966 518 3015 φ.
587 2953 612 3003 4.
632 2948 700 3019 ΕΖ]
720 2948 755 3014 Ρς
775 2950 829 3001 ΕΖ
847 2944 903 3017 ἄρα
921 2949 1038 3018 Bqui.
1113 2956 1138 3008 ὃ.

121 3019 214 3084 ἰσάκις
236 3013 328 3089 άριιὸ
363 3021 414 3070 ΓΔ
436 3012 488 3071 τὸν
506 3016 551 3142 A}
569 3035 626 3087 mg.
646 3038 676 3087 φ.
714 3017 847 3087 Sequitur
871 3020 1027 3090 propositio
1056 3038 1140 3089 quae-

122 3094 189 3157 dam
206 3107 282 3146 nouo
300 3089 330 3144 in
347 3087 468 3158 vao,
492 3105 510 3142 a
552 3089 643 3144 hoone
661 3087 846 3159 interpolatio
871 3107 925 3145 om.
945 3091 968 3145 P
988 3091 1062 3159 (add.
1081 3109 1139 3162 mg.

120 3185 158 3221 m.
178 3166 245 3229 reo.)
264 3163 293 3217 ei
312 3161 471 3230 Campanus
490 3160 526 3228 (u.
546 3177 573 3228 p.
593 3166 644 3221 233
664 3162 747 3230 noi.);
773 3177 799 3213 u.
821 3177 885 3230 opp.
958 3168 983 3216 8.
1002 3158 1071 3233 ια’]
1091 3159 1138 3230 κγ’

121 3235 211 3305 BVp,
230 3235 252 3288 P
271 3251 307 3289 m.
326 3249 381 3287 reo.
457 3234 498 3286 10.
518 3227 590 3284 εἰσιν
613 3231 671 3285 ΡΒ.
747 3237 788 3286 12.
813 3230 884 3286 εἰσιν
907 3232 937 3289 Ρ.
1012 3238 1053 3286 14,
1072 3233 1141 3288 Posi

122 3303 160 3376 μή
180 3305 241 3359 odd.
262 3305 372 3359 Theon:
396 3299 467 3356 εἰσιν
487 3296 517 3355 οἵ
532 3306 567 3371 A,
586 3306 608 3355 Β
633 3296 773 3370 ἐλάχιστοι
796 3302 851 3356 τῶν
874 3298 926 3356 τὸν
945 3299 1035 3358 αὐτὸν
1054 3299 1140 3372 λόγον

123 3373 247 3445 ἐχόντων
267 3369 364 3436 αὐτοῖς
382 3373 516 3442 (Bthp).
592 3378 633 3427 15.
654 3373 693 3444 Β]
719 3390 787 3428 corr.
807 3389 841 3426 ex
861 3376 887 3426 Γ
902 3391 939 3427 m.
961 3380 974 3427 1
994 3392 1021 3443 p.
1096 3379 1139 3429 18.

125 3443 250 3515 ἐχόντων
269 3441 366 3506 αὐτοῖς
384 3442 470 3512 qu).
528 3448 569 3496 19.
589 3437 667 3514 ὅτε]
688 3437 777 3512 cino).
815 3437 1040 3514 iioiooowVpoi.
1095 3450 1139 3500 20.

124 3511 263 3570 ἐλάσσονα
282 3513 366 3583 Vpo.
439 3509 566 3567 τουτέστι
585 3534 616 3583 φ.
