2446 3938
147 210 213 275 276
533 210 735 262 Σνοοοιιαα
753 205 793 276 η’.

148 351 314 437 ἀλλήλους
337 342 437 437 ἄσιν,
468 351 639 438 ἐλάχιστοί
661 354 725 418 εἰσι
748 353 817 418 τῶν
839 348 899 418 τὸν
928 346 1036 418 αὐτὸν
1066 349 1175 438 λόγον

148 458 295 545 ἑχόντων
319 454 442 538 αὐτοῖς.
485 461 520 525 οἱ
541 463 584 541 Γ,
606 465 657 542 Λ,
678 464 710 523 Ε
731 454 798 543 ἄρα
821 457 877 524 καὶ
901 460 936 525 οἱ
957 463 996 542 Ζ,
1015 463 1063 541 Η,
1082 465 1123 543 Θ,
1143 464 1178 524 Κ

149 563 320 651 ἑλᾶχισιοί
350 568 412 632 εἰσι
451 567 519 632 τῶν
551 561 613 630 τὸν
645 560 751 630 αὐτὸν
784 561 888 648 λόγον
918 561 1069 648 ἐχόντων
1102 577 1176 642 τοῖς

150 681 196 754 A,
216 679 258 738 B·
283 671 364 758 ὅπερ
389 674 457 738 ἔδει
481 671 596 749 δεῖξαι.

117 874 132 921 5
371 889 385 908 ·
562 864 757 952 Πόρισμα.

214 987 269 1056 Ἐκ
302 988 344 1074 δή
377 988 501 1057 τούτου
534 987 702 1074 φανερόν,
733 985 787 1055 ὅτι
820 983 879 1056 ἐὰν
906 1000 996 1074 τρεῖς
1027 983 1175 1076 ἀριθμοὶ

150 1097 223 1182 ἑξῆς
250 1092 421 1180 ἄνᾶλογον
451 1093 617 1180 ἐλάχιστοι
646 1086 708 1163 ὦσι
740 1097 808 1162 τῶν
838 1091 898 1162 τὸν
926 1090 1033 1162 αὐτὸν
1067 1095 1175 1182 λόγον

150 1201 296 1288 ἐχόντων
325 1198 462 1288 αὐτοῖς,
492 1203 527 1269 ol
552 1199 650 1287 ἄκροι
685 1198 800 1268 αὐτῶν
832 1199 1042 1288 τετράγωνοί
1073 1205 1175 1288 εἰσιν,

150 1306 211 1375 ἐὰν
235 1308 273 1374 δὲ
296 1308 468 1394 τέσσαρες,
493 1305 601 1392 κύβοι.

102 1528 135 1576 ιο
638 1501 683 1587 ν’·

214 1622 301 1690 Ἐὰν
333 1616 431 1692 ἄσιν
460 1621 680 1693 ὁποσοιοῦν
709 1621 882 1713 ἀριθμοὶ
911 1623 1000 1711 ἑξῆς
1027 1622 1175 1696 ἄνᾶλο-

151 1756 221 1816 γον
250 1729 455 1818 ἐλάχιστοι
483 1735 560 1801 τῶν
587 1729 658 1798 τὸν
687 1727 812 1798 αὐτὸν
846 1729 967 1817 λόγον
995 1731 1174 1819 ἑχόντων

152 1832 303 1922 αὐτοῖς,
327 1841 366 1906 ολ
388 1835 505 1926 ἄκροι
528 1836 659 1905 αὐτῶν
685 1840 834 1924 πρῶτον
856 1838 951 1924 πρὸς
970 1833 1175 1925 ἀλλήλους

152 1946 267 2011 εἰσίν.

99 2076 130 2124 15
208 2047 384 2119 Ἔστωσαν
413 2047 599 2120 ὁποσοιοῦν
631 2049 775 2138 ἄρνθμολ
804 2050 878 2136 ἑξῆς
901 2046 1074 2136 ἄνᾶλονον
1097 2051 1174 2120 ἐλᾶ-

151 2176 257 2244 χιστοι
280 2161 349 2224 τῶν
380 2155 441 2226 τὸν
471 2155 578 2225 αὐτὸν
609 2156 714 2242 λόγον
749 2157 894 2243 ἐχόντων
922 2153 1037 2236 αὐτοῖς
1066 2159 1103 2224 οἱ
1130 2167 1174 2244 A,

151 2271 191 2346 Β,
210 2268 249 2347 Γ,
268 2269 313 2328 Λ·
339 2250 447 2348 λέγω,
477 2261 529 2331 ὅτι
553 2266 588 2330 οἱ
609 2260 707 2350 ἄκροι
731 2259 846 2330 αὐτῶν
869 2263 904 2329 οἱ
925 2271 968 2349 A,
988 2271 1021 2329 A
1043 2267 1174 2351 πρῶτοι

151 2368 236 2455 πρὸς
258 2365 428 2454 ἀλλήλους
452 2372 549 2437 εἰσίν.

219 2473 452 2560 Εἰλήφθωσαν
486 2473 551 2563 νᾶρ
581 2473 644 2543 δύο
673 2473 735 2560 μὲν
763 2471 905 2562 ἀριθμοὶ
938 2473 1105 2562 ἐλάχιστοι
1136 2479 1175 2545 ἐν

99 2617 133 2666 20
152 2584 196 2671 τῷ
221 2584 289 2648 τᾶν
313 2590 355 2666 A,
375 2587 415 2665 Β,
434 2586 472 2667 Γ,
494 2590 528 2648 Δ
550 2580 640 2672 λόγῳ
665 2583 700 2648 ολ
720 2588 760 2666 Ε,
780 2588 818 2666 Ζ,
842 2593 929 2669 τρεῖς
949 2580 987 2648 δὲ
1010 2584 1044 2649 ολ
1065 2588 1112 2668 Η,
1134 2591 1175 2669 Θ,

151 2693 194 2771 Κ,
217 2687 272 2753 καὶ
296 2687 370 2773 ἑξῆς
394 2687 445 2754 ἑνὶ
469 2692 619 2773 πλείους,
648 2687 709 2765 ἕως
737 2688 775 2754 τὸ
807 2685 1066 2774 λαμβανόμενον
1088 2693 1175 2776 πλῆ-

152 2801 217 2869 θος
240 2800 316 2858 ἴσον
339 2793 476 2878 γένηται
504 2797 549 2884 τῷ
577 2792 701 2879 πλήθει
720 2796 788 2861 τῶν
808 2802 849 2878 A,
877 2800 917 2878 Β,
936 2798 974 2878 Γ,
995 2802 1036 2861 Δ.
1083 2796 1175 2883 εἰλή-

152 2905 298 2982 φθωσαν
322 2897 378 2964 καὶ
403 2903 553 2966 ἔστωσαν
576 2902 612 2967 οὲ
633 2906 680 2984 Λ,
704 2905 759 2984 Μ,
778 2907 828 2984 N,
846 2902 882 2976 Ξ.

153 3043 190 3051 ..-

226 3118 250 3164 1.
271 3108 342 3164 εἰσιν
361 3111 420 3164 ΡΒ.
495 3117 520 3167 2.
540 3112 582 3182 K]
603 3128 673 3197 οομ.
693 3127 728 3198 ομ
747 3116 825 3167 Pm.
846 3118 861 3166 2
882 3111 914 3166 V.
966 3120 1012 3195 Ιο.
1032 3108 1175 3187 πόρισμα]

154 3181 481 3322 λὲιῖιήλιῗλλ·
504 3178 926 3325 ιιλᾶνλλλῑθλξῗζῗ
952 3183 1065 3325 Ῑὲἑὲἒ]
1086 3194 1175 3326 αλ

153 3341 190 3376 m.
210 3330 233 3376 2-
246 3324 280 3377 V.
352 3322 502 3393 τέσσαρες]
528 3326 545 3378 δ
568 3325 598 3378 Β.
674 3331 715 3380 17.
737 3329 763 3378 Γ
801 3327 901 3395 postea
923 3326 1019 3380 insert.
1044 3343 1081 3379 m.
1101 3333 1115 3380 1
1139 3329 1174 3384 V.

154 3400 197 3447 20.
217 3391 247 3448 οἱ
265 3396 308 3465 H]
329 3412 399 3449 corr.
420 3412 454 3449 ex
473 3393 503 3450 οἱ
518 3414 556 3451 m.
575 3403 590 3449 2
609 3395 641 3449 B.
733 3402 775 3451 21.
795 3397 837 3468 K]
857 3395 887 3451 in
905 3414 958 3452 ras.
981 3396 1010 3449 P.
1102 3401 1174 3472 καί]

155 3482 239 3532 supra
261 3464 327 3519 add.
352 3463 384 3518 αἱ
407 3484 443 3519 m.
469 3472 483 3519 1
509 3466 543 3532 1³3
572 3466 619 3521 καὶ
642 3463 693 3522 ἄεί
713 3468 743 3521 Β.
791 3466 843 3531 ἑως
868 3457 901 3522 οὗ
931 3468 1030 3522 Theon
1057 3468 1164 3540 (va)

156 3532 208 3597 ἕως
227 3532 264 3589 ἄν
284 3537 403 3606 August.
445 3543 487 3590 23.
508 3534 645 3610 ἔστωσαν]
666 3558 694 3592 -v
714 3555 729 3593 e
749 3554 818 3594 corr.
837 3557 874 3594 m.
893 3555 948 3592 rec.
968 3537 998 3594 P.
1167 3514 1174 3539 ⁸
