2446 3938
132 179 197 245 248
509 182 710 235 ΣΤοΙΧΕιαα
729 177 764 247 ς’.

189 323 298 390 Ἔστω
331 325 462 410 πρῶτος
493 321 641 409 ἀριθμὸς
673 320 691 390 5
720 331 753 393 A
788 322 845 389 καὶ
870 320 932 390 τὸν
958 329 987 388 Β
1015 321 1059 408 μή
1092 346 1150 407 με-

131 435 262 518 τρείτω·
285 429 382 515 λέγω,
401 427 453 496 ὅτι
473 432 507 496 oc
519 436 559 515 Β,
574 438 606 497 A
624 433 750 515 πρῶτοι
768 427 853 516 πρὸς
870 426 1037 514 ἀλλήλους
1050 430 1119 494 είσί
1141 480 1151 494 .

198 538 243 602 El
268 532 333 620 γὰρ
357 535 402 622 μή
426 538 512 603 εἰσιν
526 537 571 622 οί
591 542 636 620 Β,
660 545 692 602 Α
714 538 840 621 πρῶτοι
862 533 946 623 πρὸς
969 533 1148 620 ἀλλήλους,

130 642 286 730 μετρήσει
311 665 361 720 τις
386 637 509 720 αὐτοὺς
532 637 688 727 ἀριθμός.
732 647 889 728 μετρείτω
913 639 931 708 5
956 646 991 708 Γ.
1033 640 1103 707 ἐπεὶ
1128 635 1148 707 5

95 754 164 822 σΓ
184 746 245 816 τὸν
269 754 297 815 Β
320 759 446 834 μετρεῖ,
475 741 493 813 5
518 745 556 814 δὲ
579 754 611 812 A
632 744 693 814 τὸν
716 744 811 831 Βιού
833 759 958 833 μετρεῖ,
987 741 1004 812 5
1030 750 1062 812 Γ
1080 743 1149 831 ἀρα

129 858 175 948 τῷ
199 863 231 922 A
259 851 321 921 οὔκ
349 854 439 920 ἐστιν
468 849 486 920 5
515 849 626 932 αὐτός.
671 851 727 919 καὶ
756 852 825 920 ἐπεὶ
853 849 871 919 5
895 858 928 920 Γ
944 849 1024 930 τοὺς
1047 858 1091 935 Β,
1114 859 1150 917 A

130 973 256 1048 μετρεῖ,
285 959 342 1026 καὶ
370 957 431 1026 τὸν
458 967 491 1026 A
521 957 587 1045 ἀρα
615 971 728 1046 μετρεῖ
753 962 887 1045 πρῶτον
914 957 997 1025 ὄντα
1024 955 1068 1044 μή
1098 952 1149 1025 ἀν

130 1063 220 1159 αὐτῷ
250 1062 268 1134 5
297 1062 412 1144 αὐτός·
446 1061 527 1150 ὅπερ
551 1064 642 1132 ἐστὶν
665 1062 847 1131 ἀδύνατον.
893 1059 955 1131 οὐκ
978 1062 1045 1150 ἀρα
1067 1060 1150 1142 τοὺς

129 1179 171 1258 Β,
189 1181 221 1240 A
244 1171 399 1258 μετρήσει
416 1197 467 1249 τις
485 1168 641 1258 ἀριθμός.
674 1173 710 1237 οί
726 1179 768 1254 A,
787 1177 816 1237 Β
835 1167 901 1256 ἀρα
920 1173 1046 1257 πρῶτοι
1063 1170 1151 1256 πρὸς

78 1302 111 1352 10
130 1275 296 1366 ἀλλήλους
318 1283 420 1346 είσίν
457 1274 539 1366 ὅπερ
563 1281 631 1345 ἔδει
655 1278 768 1357 δεῖξαι.

615 1471 658 1539 λ’.

193 1591 281 1662 Ἐὰν
319 1595 391 1662 δύο
423 1591 594 1681 ἀριθμοί
624 1595 1048 1674 πολλαπλασιάσαντες
1080 1591 1150 1661 ἀλ-

129 1701 275 1787 λήλους
302 1703 449 1769 ποιῶσί
473 1725 578 1784 τινα,
605 1698 676 1768 τὸν
704 1699 746 1768 55
773 1700 996 1786 γενόμενον
1020 1701 1058 1780 ἐξ
1082 1699 1149 1767 αὐ-

129 1809 206 1874 τῶν
238 1809 357 1896 μετρή
389 1832 449 1886 τις
474 1809 630 1895 πρῶτος
659 1803 850 1894 ἀριθμός,
881 1805 946 1872 καὶ
974 1807 1043 1874 ἕνα
1070 1802 1151 1874 τοῖν

76 1939 109 1990 15
129 1912 167 1993 ἐξ
190 1910 314 2000 domis
335 1913 532 2000 μετρήσει
793 1990 796 1995 .

71 2094 75 2099 ,
194 2019 271 2086 Δύο
307 2016 373 2106 γὰρ
411 2015 554 2106 ἀριθμοὶ
591 2019 626 2086 oc
655 2027 705 2104 A,
736 2026 766 2086 Β
798 2017 1151 2097 πολλαπλασιάσαντες

127 2121 295 2212 ἀλλήλους
321 2123 383 2193 τὸν
406 2129 440 2192 Γ
463 2129 680 2210 ποιείτωσαν,
707 2122 767 2192 τὸν
796 2124 833 2192 δὲ
856 2129 889 2191 Γ
914 2127 1069 2211 μετρείτω
1098 2149 1151 2202 τις

127 2234 257 2318 πρῶτος
280 2228 427 2319 ἀριθμὸς
450 2227 469 2298 5
492 2237 539 2296 A·
579 2230 677 2316 λέγω,
701 2226 753 2296 ὅτι
777 2226 796 2296 5
821 2237 855 2296 A
877 2231 937 2296 ἕνα
960 2232 1028 2296 τῶν
1051 2237 1094 2314 A,
1117 2235 1149 2295 Β

127 2348 246 2423 μετρεῖ.

73 2469 109 2520 20
198 2441 267 2510 Τὸν
294 2440 360 2529 μάρ
383 2449 415 2508 A
442 2438 487 2528 μή
516 2447 686 2528 μετρείτω·
722 2447 782 2508 καί
806 2443 875 2509 ἐστι
902 2444 1032 2528 πρῶτος
1055 2436 1073 2507 5
1100 2448 1133 2507 A
1140 2463 1149 2476 ·

128 2551 163 2616 οί
179 2558 222 2632 A,
242 2556 276 2615 A
299 2546 365 2635 ἀρα
387 2550 514 2634 πρῶτοι
536 2545 621 2634 πρὸς
644 2545 811 2633 ἀλλήλους
829 2551 924 2614 είσίν.
953 2545 1010 2613 καὶ
1030 2543 1149 2625 ὁσάκις

128 2651 145 2722 5
163 2663 195 2722 A
213 2652 274 2722 τὸν
288 2659 320 2721 Γ
335 2666 456 2740 μετρεῖ,
479 2657 638 2720 τοσαῦται
657 2653 802 2740 μονάδες
821 2657 970 2719 ἔστωσαν
991 2653 1027 2720 ἐν
1045 2655 1091 2744 τῷ
1107 2659 1146 2718 Ε.

127 2760 197 2828 ἐπεὶ
221 2751 286 2826 οὖν
309 2756 327 2826 5
352 2766 386 2826 A
408 2758 468 2826 τὸν
492 2763 524 2826 Γ
543 2771 656 2846 μετρεῖ
676 2755 759 2825 κατά
783 2755 841 2838 τάς
864 2760 901 2826 ἐν
923 2761 969 2850 τῷ
989 2765 1022 2824 Ε
1042 2758 1146 2844 μονά-

127 2869 204 2949 δας,
233 2861 250 2932 5
277 2872 310 2931 A
333 2861 481 2951 ἀρατὸν
504 2871 536 2931 Ε
556 2865 850 2944 πολλαπλασιάσας
872 2862 933 2931 τὸν
957 2869 990 2930 Γ
1007 2869 1145 2950 πεποίη-

72 3001 107 3051 25
125 2997 192 3039 κεν.
238 2966 322 3038 ἀλλά
350 2968 418 3056 μήν
444 2969 500 3037 καὶ
529 2966 547 3038 5
571 2978 604 3037 A
630 2969 691 3038 τὸν
714 2977 743 3037 Β
767 2970 1060 3048 πολλαπλασιάσας
1081 2969 1144 3037 τὸν

125 3083 158 3145 Γ
180 3082 371 3163 πεποίηκεν·
409 3084 481 3156 ίσος
509 3071 574 3162 ἀρα
598 3075 688 3144 ἐστίν
713 3073 731 3144 5
755 3077 791 3142 ἐκ
814 3079 882 3142 τῶν
905 3083 953 3159 Δ,
983 3082 1015 3140 Ε
1035 3079 1081 3163 τῷ
1106 3078 1143 3144 ἐκ

128 3222 341 3234 -η-

197 3297 222 3344 3.
241 3293 276 3358 Β,
296 3288 335 3360 A]
360 3292 396 3354 A,
420 3291 441 3340 Β
464 3304 492 3357 p.
565 3292 590 3341 4.
611 3280 752 3357 ἀριθμός]
777 3280 821 3347 -ός
843 3285 872 3340 in
895 3302 949 3340 rae.
974 3306 1004 3354 φ.
1043 3283 1142 3356 μετρή·

125 3380 162 3414 τω
183 3380 212 3428 φ.
286 3354 363 3427 ἐπεί]
382 3357 432 3411 καὶ
451 3353 466 3412 5
488 3361 514 3412 Γ
534 3353 587 3412 οὔκ
606 3352 665 3412 ἔστι
684 3354 781 3427 μονάς.
805 3352 868 3412 ἐπεὶ
887 3349 938 3412 οὖν
957 3356 1012 3425 Vq>
1037 3359 1067 3412 οῖ
1086 3373 1142 3414 om.

125 3432 178 3484 καί
196 3449 224 3500 p.
266 3431 339 3483 Ante
363 3423 430 3483 ε’πεί
451 3429 514 3483 add.
538 3427 616 3483 Pm.
640 3445 695 3484 ree.
719 3429 775 3483 καί.
867 3434 891 3483 6.
911 3429 966 3500 τῷ]
986 3445 1001 3482 e
1020 3445 1089 3482 corr.
1109 3429 1141 3484 Ρ.

125 3505 160 3569 Β,
179 3501 217 3571 Α]
236 3499 266 3554 in
284 3516 337 3554 ras.
359 3520 394 3568 φ;
413 3502 435 3552 Β
454 3516 538 3569 τωρωι
551 3517 587 3553 m.
605 3506 618 3553 1
633 3498 667 3554 V.
723 3503 747 3553 8.
767 3493 854 3560 αὐτὸς
868 3493 935 3553 οὐδὲ
951 3493 1040 3569 μονάς
1054 3498 1141 3569 λ’φρ.
