2446 3938
120 171 188 236 422
531 173 721 225 meum

119 314 177 382 καί
209 312 428 400 παραβληθὲν
455 310 494 380 τὸ
522 319 591 380 ΑΛ
618 314 771 381 ἐλλεῖπον
800 315 883 380 εἴδει
908 313 955 402 τῷ
979 316 1045 378 AB
1052 361 1062 395 ,
1086 310 1143 377 καὶ

119 421 392 509 παραβεβλήσθω
414 418 517 487 πάλιν
540 416 629 506 παρὰ
652 417 714 506 τὴν
737 425 804 486 ΑΒ
826 414 865 486 τὸ
888 422 959 486 ΑΕ
974 424 1144 504 παραλλη-

120 525 317 611 λόγραμμον
350 526 502 593 ἐλλεῖπον
534 528 580 617 τῷ
613 530 679 591 ΕΒ
717 520 822 616 ὁμοίῳ
858 549 894 591 τε
925 523 982 590 καὶ
1019 520 1144 610 ὁμοίως

120 631 262 722 κειμένῳ
292 634 338 722 τῷ
371 628 438 698 ἀπὸ
472 634 530 717 τῆς
563 627 716 716 ἡμισείας
747 633 793 722 τῷ
826 636 902 698 ΛΒ.
956 631 1058 717 λέγω,
1092 628 1144 698 ὅτι

84 755 102 806 ὅ
121 735 235 823 μεῖζόν
259 738 327 804 ἐστι
350 733 388 804 τὸ
411 732 477 803 ἀπὸ
500 739 558 821 τῆς
582 733 735 822 ἡμισείας
762 735 983 823 παραβληθὲν
1011 734 1049 803 τὸ
1074 744 1143 804 AA

123 845 185 909 τοῦ
209 848 284 910 ΑΕ.

184 944 275 1014 Ἐπεὶ
303 945 368 1034 γὰρ
397 947 517 1035 ὅμοιόν
546 950 615 1016 ἐστι
642 945 679 1014 τὸ
708 953 771 1014 ΕΒ
798 950 845 1040 τῷ
870 954 952 1033 AB,
975 949 1052 1037 περὶ
1080 947 1143 1036 τὴν

121 1050 229 1139 αὐτήν
257 1056 323 1120 είσι
346 1052 535 1143 διάμετρον.
581 1059 664 1120 ἔστω
693 1049 806 1121 αὐτῶν
830 1052 1006 1141 διάμετρος
1033 1051 1055 1140 ἡ
1079 1062 1143 1122 ΕΒ

120 1159 176 1227 καὶ
203 1158 473 1248 καταγεγράφθω
501 1159 538 1228 τὸ
568 1164 686 1246 σχῆμα.
731 1160 787 1227 καὶ
818 1161 888 1229 ἐπεὶ
912 1169 988 1229 ἴσον
1012 1161 1082 1230 ἐστὶ
1104 1158 1143 1229 τὸ

69 1285 103 1337 10
122 1271 186 1333 ΛΖ
208 1270 254 1359 τῷ
278 1273 358 1352 ΛΘ,
383 1266 452 1334 ἐπεὶ
474 1266 531 1332 καὶ
553 1263 574 1351 ἡ
599 1271 672 1332 ΖΗ
690 1269 729 1354 τῇ
758 1271 841 1352 ΗΘ,
869 1273 981 1353 μεῖζον
1012 1265 1077 1355 ἄρα
1105 1266 1144 1335 τὸ

120 1377 185 1438 AZ
207 1376 270 1440 τοῦ
293 1379 371 1440 ΚΕ.
418 1379 494 1440 ίσον
522 1370 560 1439 δὲ
587 1370 619 1438 τί
650 1377 715 1439 ΛΖ
737 1375 783 1464 τῷ
809 1378 888 1440 ΔΛ.
934 1379 1046 1459 μεῖζον
1077 1371 1144 1461 ἄρα

120 1477 177 1544 καὶ
203 1474 241 1545 τὸ
271 1484 341 1545 ΔΛ
368 1480 429 1546 τοῦ
457 1484 535 1546 ΕΚ.
580 1476 699 1546 κοινὸν
730 1483 970 1566 [προσκείσθω]
999 1478 1037 1548 τὸ
1062 1487 1144 1548 ΚΛ.

122 1579 203 1652 ὅλον
230 1580 297 1670 ἄρα
323 1580 362 1649 τὸ
389 1590 458 1650 ΑΛ
487 1581 571 1652 ὅλον
599 1588 661 1651 τοῦ
689 1591 758 1652 ΛΕ
782 1583 895 1670 μεῖζόν
923 1587 1027 1654 ἐστιν·
1061 1583 1143 1673 ὅπερ

122 1691 190 1756 ἔδει
214 1689 329 1770 δεῖξαι.

69 1825 103 1876 15
531 1779 532 1782 ‘
563 1816 625 1901 vl,
648 1816 701 1881 30.

552 1951 710 2034 Ἄλλως.

176 2076 287 2147 Ἔστω
317 2075 338 2165 ἡ
363 2081 506 2147 δοθεῖσα
534 2075 653 2146 εὐθεῖα
679 2074 701 2165 ἡ
726 2085 801 2147 AB.
847 2082 901 2146 δεῖ
922 2077 965 2166 δὴ
988 2077 1052 2166 τὴν
1076 2089 1143 2149 AB

121 2181 227 2272 ἄκρον
249 2185 306 2252 καὶ
330 2184 434 2271 μέσον
457 2185 562 2270 λόγον
585 2198 705 2272 τεμεῖν.

191 2291 375 2377 Τετμήσθω
407 2289 471 2377 γὰρ
503 2290 523 2377 ἡ
554 2298 619 2358 ΑΒ
650 2289 734 2358 κατὰ
766 2289 805 2360 τὸ
833 2297 865 2360 Γ
893 2289 978 2359 ὥστε
1008 2289 1046 2359 τὸ
1074 2289 1142 2360 ὑπὸ

64 2407 104 2458 20
122 2398 190 2464 τῶν
213 2403 295 2482 ΑΒ,
314 2402 381 2464 ΒΓ
400 2404 475 2464 ίσον
498 2392 586 2464 εἶναι
609 2399 655 2484 τῷ
680 2394 745 2464 ἀπὸ
768 2399 829 2482 τῆς
851 2401 912 2464 ΓΑ
934 2397 1143 2490 τετραγώνῳ.

122 2501 193 2569 ἐπεὶ
215 2493 279 2570 οὖν
301 2501 339 2570 τὸ
362 2499 429 2570 ὑπὸ
453 2505 521 2570 τῶν
544 2509 625 2588 AB,
645 2508 711 2570 ΒΓ
734 2511 811 2570 ίσον
834 2502 903 2570 ἐστὶ
925 2506 971 2593 τῷ
995 2501 1061 2571 ιἰπὸ
1084 2508 1144 2590 τῆς

119 2611 198 2692 ΓΑ,
230 2612 322 2674 ἔστιν
355 2606 421 2694 ἄρα
449 2604 494 2687 ὡς
525 2604 547 2694 ἡ
575 2615 643 2675 BA
670 2605 754 2696 πρὸς
784 2605 846 2695 τὴν
874 2614 954 2695 ΑΓ,
986 2607 1093 2689 οὕτως
1121 2606 1142 2695 ἡ

121 2716 191 2780 ΑΓ
218 2711 302 2802 πρὸς
335 2709 398 2799 τὴν
429 2717 501 2781 ΓΒ.
550 2709 571 2800 ἡ
610 2720 676 2780 ΑΒ
709 2711 775 2802 ἄρα
806 2712 913 2803 ἄκρον
944 2714 1001 2781 καὶ
1039 2716 1143 2801 μέσον

119 2817 226 2903 λόγον
249 2818 403 2905 τέτμηται
425 2817 508 2886 κατὰ
530 2817 569 2887 τὸ
594 2825 634 2886 Γ·
660 2819 741 2906 ὅπερ
765 2823 834 2888 ἔδει
856 2830 1002 2907 ποιῆσαι.

195 3001 218 3049 1.
237 2996 375 3120 ‘¹32³ss
394 3016 416 3066 φ
435 2997 502 3065 (non
519 2996 561 3066 F).
653 3002 679 3051 2.
697 2999 767 3066 ΑΕ]
787 2999 845 3053 ΔΘ
864 3013 934 3053 eorr.
954 3014 989 3052 ex
1007 3000 1060 3053 ΑΘ
1079 2997 1140 3055 FV.

119 3065 222 3149 λιτῷ]
241 3063 274 3120 τό
317 3109 323 3121 .
409 3073 434 3124 4.
454 3067 493 3140 τῷ
511 3066 580 3138 AB]
600 3066 688 3138 PBp;
707 3071 807 3124 mutat.
827 3067 858 3123 in
875 3069 925 3138 τῆς
943 3072 995 3122 AB
1013 3087 1050 3123 m.
1070 3076 1087 3124 2
1106 3070 1144 3135 F3

121 3155 171 3204 της
195 3141 245 3191 BA
268 3139 364 3206 (supra
386 3139 431 3194 eet
452 3141 518 3208 ree.)
540 3139 579 3212 τῷ
604 3143 657 3194 AB
676 3139 709 3196 V.
802 3146 844 3195 10.
863 3140 931 3212 ΛΖ]
951 3156 1021 3195 corr.
1041 3157 1076 3195 ex
1093 3145 1145 3196 ΑΖ

120 3225 159 3261 m.
177 3223 233 3262 ree.
252 3206 283 3263 F.
364 3215 405 3264 11.
425 3209 498 3280 ΚΕ]
516 3209 547 3263 in
564 3225 617 3265 ras.
637 3228 674 3266 m.
693 3216 710 3265 2
729 3210 762 3266 V.
845 3213 906 3266 ίσον
926 3209 958 3266 δέ
974 3242 1008 3251 -
1025 3217 1073 3267 12:
1091 3213 1144 3266 τοῦ

122 3278 195 3348 ΕΚ]
214 3277 258 3333 bie
275 3279 322 3349 Bp
342 3281 371 3334 et
389 3280 415 3335 V
432 3298 489 3350 mg.
508 3298 545 3337 m.
564 3287 589 3336 2.
664 3287 707 3336 12.
726 3282 792 3354 καί]
812 3300 897 3352 supra
914 3300 952 3337 m.
968 3287 982 3336 1
1002 3300 1021 3352 p
1040 3283 1145 3352 (priore

120 3345 197 3414 loeo,
215 3348 247 3400 in
264 3349 433 3419 repetitione
453 3351 483 3405 in
501 3353 581 3407 textu
595 3353 657 3422 eet).
711 3354 917 3476 κροσκείσθωγ
927 3353 987 3423 Pp;
1007 3369 1062 3408 om.
1078 3354 1144 3422 BF3

123 3414 245 3503 {efmffl
337 3427 379 3477 15.
399 3421 540 3492 PBFVp.
633 3429 675 3509 λθ,
694 3418 799 3510 ἄλλως]
818 3442 876 3494 mg.
922 3442 953 3494 p,
972 3423 1058 3479 iidem
1078 3424 1144 3479 add.

118 3490 152 3541 λε
186 3487 331 3557 (lanel.
351 3510 388 3548 m.
407 3494 482 3560 rem).
556 3499 597 3548 17.
616 3514 668 3562 την
687 3497 737 3547 ΑΒ
756 3498 878 3549 ενθεῖαν
897 3493 958 3550 FV.
1018 3497 1143 3567 20.1'A]

59 3626 109 3688 h..
