2446 3938
332 211 608 263 annunuuonun
625 211 734 262 nnnu
752 213 798 263 vn
1017 207 1081 273 179

63 357 212 441 aequalia
243 355 401 420 habentes
433 354 469 418 in
500 377 566 419 uno
599 332 718 440 angulo
747 355 1002 440 coniunguntur,
1032 354 1081 418 ita

62 466 99 527 ut
123 462 410 546 correspondentia
433 462 536 526 latera
560 460 657 526 etiam
680 460 838 544 parallelo
861 461 935 544 sint,
956 460 1081 545 reliqua

62 571 166 634 latera
184 569 422 654 triangulorum
441 569 477 632 in
495 567 608 632 eadem
631 571 721 632 reeta
741 569 835 631 erunt
853 567 974 650 posita3
993 567 1080 650 quod

63 682 133 742 erat
157 675 451 741 demonstrandum.

496 851 645 917 XXXIII.

128 975 168 1041 In
195 975 321 1042 circulis
350 976 541 1060 aequalibus
571 976 684 1060 anguli
712 975 847 1040 eandem
879 975 1003 1040 habent
1031 996 1081 1038 ra-

61 1083 185 1147 tionem
215 1098 313 1166 'quam
347 1104 454 1167 arcus,
486 1083 521 1146 in
554 1083 669 1166 quibus
703 1083 901 1167 consistunt,
939 1082 1008 1146 siue
1041 1081 1081 1145 ad

66 1192 176 1253 centra
200 1188 267 1253 siue
291 1189 331 1253 ad
355 1189 495 1254 ambitus
518 1190 618 1274 positi
642 1185 753 1274 sunt.¹)

132 1293 206 1359 Sint
238 1297 386 1380 aequales
415 1296 527 1361 oirouli
555 1299 663 1380 ΑΒΓ,
687 1299 801 1380 ΔΕΖ,
834 1298 867 1360 et
899 1295 939 1377 ad
968 1298 1082 1359 centra
1111 1376 1116 1385 Ι

64 1424 178 1467 eorum
193 1405 236 1488 H,
250 1408 279 1468 Θ
297 1404 396 1488 positi
415 1404 481 1468 sint
499 1403 611 1488 anguli
629 1405 738 1486 ΒΗΓ,
752 1406 858 1488 ΕΘΖ,
878 1401 918 1467 ad
937 1401 1081 1467 ambitus

64 2414 173 2475 autem
196 2412 307 2492 ΒΑΓ,
326 2412 436 2473 ΕΛΖ.
483 2406 568 2488 dieo,
592 2427 661 2471 esse

62 2539 124 2582 aro.
147 2519 234 2582 BF:
255 2537 317 2581 aru.
340 2519 403 2579 EZ
422 2545 463 2568 ==
484 2519 505 2590 L
524 2515 631 2577 ΒΗΓ
646 2535 653 2577 :
668 2515 763 2577 ΕΘΖ
779 2542 820 2564 =
835 2514 956 2576 BAF:
970 2515 1082 2577 EAZ.

131 2627 293 2708 ponantur
321 2622 408 2686 enim
436 2619 584 2704 deinceps
614 2620 702 2685 areni
724 2622 790 2683 ΒΓ
810 2619 961 2702 aequales
991 2624 1082 2704 quot

62 2730 143 2794 libet
163 2753 256 2795 arcus
276 2733 350 2812 ΓΚ,
365 2731 398 2791 K
404 2731 443 2810 Λ,
463 2727 551 2791 arcui
571 2729 680 2790 autem
698 2730 762 2791 ΕΖ
782 2725 943 2810 quotlibet
962 2748 1082 2812 aequa-

63 2837 111 2899 les
136 2839 222 2918 ΖΜ,
242 2838 333 2917 ΜΝ,
357 2838 389 2898 et
412 2833 569 2898 ducantur
591 2836 677 2916 ΗΚ,
695 2836 781 2917 ΗΛ,
799 2837 885 2916 ΘΜ,
905 2837 984 2898 ΘΝ.

130 2941 197 3006 iam
221 2939 374 3024 quoniam
397 2960 489 3003 arous
514 2941 578 3002 ΒΓ
590 2969 631 2991 =
647 2941 714 3002 ΓΚ
728 2969 770 2992 =
785 2943 820 3003 Κ
825 2943 856 3002 Λ
860 2991 868 3023 ,
898 2939 960 3004 erit
983 2941 1081 3006 etiam

138 3174 163 3240 1)
182 3170 224 3224 De
242 3163 509 3236 interpolationibus
528 3163 650 3218 Theonis
668 3163 718 3218 lin.
735 3169 750 3218 9
765 3164 795 3218 et
808 3162 857 3218 lin.
874 3169 907 3218 16
922 3164 970 3218 etr.
985 3182 1013 3234 p.
1031 3170 1082 3220 183

68 3245 125 3298 not.
147 3249 174 3307 13
195 3259 248 3297 om.
270 3238 427 3308 Campanus
445 3236 497 3304 VI,
518 3241 560 3289 32.

65 3490 100 3526 m.
120 3489 175 3527 reo.
194 3474 224 3530 P.
296 3477 358 3526 ‘21.
378 3469 450 3542 ἴσαι]
470 3469 522 3524 καί
536 3468 572 3538 Ρ,
592 3482 660 3522 oon.
679 3483 715 3522 m.
735 3483 789 3522 reo.
878 3465 960 3540 εἰσίν]
981 3485 1035 3523 om.
1053 3484 1081 3535 p.

66 3545 137 3615 nn]
156 3539 242 3598 Ἢ
257 3545 287 3597 n.
868 3625 922 3681 12*
