2446 3938
281 155 286 164 '
363 162 637 216 nnnunuronuu
655 164 763 213 mena
781 162 840 216 vn.
1047 150 1110 224 187

166 307 412 391 10.1mpariter
445 309 552 370 autem
586 306 691 389 impar
726 327 878 370 numerus
916 311 977 391 est,
1016 329 1110 390 quem

96 419 202 499 impar
239 436 391 480 numerus
430 412 604 479 secundum
641 412 800 495 imparem
835 435 1004 477 numerum
1045 435 1109 478 me·

66 600 69 615 ,
96 524 137 588 tit
176 573 183 587 .

165 631 215 695 11.
239 629 367 692 Primus
400 647 553 691 numerus
587 628 649 708 esi,
682 645 778 708 quem
809 624 919 689 unitas
949 627 1017 690 sola
1045 649 1109 692 me-

96 737 185 800 titur.

167 842 216 907 12.
240 841 343 905 Primi
366 841 452 906 inter
476 861 518 903 se.
532 838 658 902 numeri
673 841 772 923 sunt,
800 860 880 924 quos
909 839 1016 903 unitas
1041 839 1112 904 sola

98 949 277 1013 communis
301 969 451 1012 mensura
474 946 617 1010 metitur.

165 1057 214 1120 13.
238 1053 445 1138 Compositus
473 1074 625 1117 numerus
654 1055 716 1135 est,
746 1073 841 1135 quem
870 1073 1023 1116 numerus
1055 1052 1111 1115 ali-

18 1231 28 1253 .
101 1162 171 1245 quis
195 1161 334 1224 metitur.

166 1267 215 1331 14.
241 1264 422 1349 Compositi
444 1266 530 1329 inter
549 1287 582 1329 se
601 1265 727 1329 numeri
746 1269 831 1349 sunt,
855 1287 936 1349 quos
955 1286 1109 1329 numerus

100 1373 217 1457 aliquis
242 1371 421 1438 communis
445 1394 596 1437 mensura
619 1373 759 1436 metitur.

168 1479 217 1544 15.
240 1478 404 1544 Numerus
436 1500 606 1542 numerum
639 1478 854 1562 multiplicare
888 1477 1018 1562 dicitur,
1055 1477 1111 1542 ubi

98 1588 178 1670 quot
200 1589 276 1650 sunt
298 1585 332 1648 in
356 1607 394 1650 eo
418 1586 573 1669 unitates,
601 1585 699 1649 toties
724 1585 929 1669 componitur
957 1606 1110 1649 numerus

98 1691 347 1775 multiplicatus,
371 1693 404 1754 et
427 1692 530 1755 oritur
553 1691 671 1776 aliquis
693 1713 855 1755 numerus.

166 1799 215 1862 16.
239 1797 305 1862 Ubi
330 1800 438 1862 autem
463 1797 525 1862 duo
549 1798 675 1861 numeri
698 1797 783 1861 inter
803 1819 838 1862 se
855 1797 1110 1881 multiplicantes

96 1926 267 1968 numerum
287 1904 429 1988 aliquem
448 1903 601 1984 efficiunt,
619 1924 772 1967 numerus
791 1903 865 1968 inde
885 1907 974 1967 ortus
993 1905 1110 1988 planus

97 2014 246 2095 uocatur,
278 2010 384 2074 latera
417 2013 525 2074 autem
559 2009 625 2073 eius
658 2009 784 2072 numeri
815 2009 900 2072 inter
935 2031 968 2072 se
1001 2009 1110 2072 multi-

95 2117 264 2200 plicantes.
814 2198 817 2203 Ι

166 2225 216 2288 17.
239 2223 306 2288 Ubi
330 2225 439 2288 autem
462 2225 529 2286 tres
552 2221 680 2286 numeri
698 2221 784 2285 inter
803 2243 836 2285 se
856 2220 1111 2303 multiplicantes

98 2351 268 2394 numerum
299 2329 439 2414 aliquem
464 2327 621 2412 efficiunt,
649 2348 801 2392 numerus
825 2326 899 2390 inde
923 2330 1012 2391 ortus
1038 2327 1110 2389 soli-

99 2436 158 2500 dus
190 2438 252 2520 cst,
282 2435 385 2500 latera
418 2439 525 2501 autem
559 2435 627 2500 cius
659 2435 785 2500 numeri
817 2434 902 2498 inter
937 2455 971 2498 se
1003 2432 1111 2496 multi-

94 2541 262 2626 plicantes.

164 2650 213 2714 18.
238 2649 423 2726 Quadratus
460 2671 612 2716 numerus
650 2655 700 2714 cst
738 2647 915 2733 aequaliter
952 2646 1107 2731 aequalis,

96 2754 164 2818 siue
211 2755 267 2837 qui
312 2756 436 2819 duobus
483 2756 669 2840 aequalibus
715 2757 858 2820 numeris
904 2753 1110 2838 comprehen-

96 2859 192 2922 ditur.

98 3120 152 3158 om.
171 3104 205 3156 V.
288 3107 312 3156 8.
332 3101 364 3156 ct
384 3099 453 3171 πρός
470 3101 500 3160 Ρ.
584 3111 624 3160 14,
644 3102 880 3170 πολοπλασιοίζειν
903 3104 985 3173 PBp.
1069 3111 1110 3158 16.

96 3171 419 3244 πολλαπλασιαζόμενος]
445 3172 575 3245 -ζόμενος
593 3193 608 3230 ο
629 3193 697 3231 corr.
721 3193 758 3228 m.
778 3181 794 3228 2
814 3194 840 3244 p.
933 3180 974 3229 18.
994 3174 1111 3228 ποιῶσιν

97 3245 158 3299 ΡΒ.
232 3252 274 3301 22.
294 3246 412 3300 ποιῶσιν
431 3246 461 3299 Β.
536 3240 621 3317 ἔστιν]
642 3247 677 3314 F,
697 3262 786 3314 comp.
806 3264 839 3314 p:
862 3240 924 3299 ἐστι
941 3247 972 3314 Ρ,
991 3245 1111 3312 Pscllus3

99 3321 227 3371 καλεῖται
245 3316 307 3372 BV.
381 3323 423 3371 23.
444 3315 533 3386 Supra
552 3315 582 3370 οἷ
596 3316 627 3369 in
645 3316 717 3372 Pm.
737 3332 792 3372 rec.
812 3311 873 3371 δύο.
