2446 3938
127 181 170 246 98
504 180 705 232 Στοικοιαα
724 174 765 232 ς’.

128 324 203 410 ὀίρα.
245 326 314 390 ἔστι
342 321 380 390 δὲ
407 321 463 389 καὶ
490 318 511 408 ῆ
538 319 623 405 πρὸς
649 324 695 413 τῷ
719 329 752 387 Α
775 327 830 406 ἴση
854 323 893 407 τῆ
918 317 1002 407 πρὸς
1024 322 1070 410 τῷ
1095 328 1145 386 Δ·

127 428 183 495 καὶ
216 427 315 515 λοιπὴ
345 427 412 517 ὀίρα
439 425 460 514 ῆ
488 426 571 516 πρὸς
598 429 644 519 τῷ
671 432 704 494 Γ
728 429 828 514 ίοιιιῆ
856 429 897 512 τῆ
925 422 1008 512 πρὸς
1038 428 1084 518 τῷ
1115 433 1144 493 Ζ

129 541 184 620 ἴση
205 537 304 603 ἐστίν.
343 532 525 619 ἰσογώνιον
548 531 615 619 ἄρα
638 532 707 600 ἐστὶ
729 530 768 600 τὸ
792 537 895 598 ΑΒΓ
909 536 1078 617 τρίγωνον
1096 536 1145 621 τῷ

129 647 231 706 ΔΕΖ
252 639 415 732 τριγώνῳ.

92 762 109 811 5
192 742 289 813 Ἀλλόι
313 744 355 832 ὀὴ
378 745 481 813 πάλιν
503 742 697 812 ὑποκείσθω
721 744 859 831 ἑκατέρα
881 746 950 811 τών
969 741 1052 831 πρὸς
1071 757 1145 824 τοῖς

128 856 208 934 Γ,Ζ
231 849 275 937 μῆ
301 850 453 919 ἐλάσσων
476 848 598 939 ὀρθῆς·
625 851 711 936 λέγω
734 847 851 934 πάλιν,
881 847 933 917 ὅτι
955 849 1011 916 καὶ
1034 846 1145 930 οὕτως

128 956 218 1024 ἐστὶν
238 955 420 1043 ἰσογώνιον
438 954 476 1025 τὸ
496 961 601 1023 ΑΒΓ
613 961 781 1044 τρίγωνον
799 956 845 1044 τῳ
861 960 961 1021 ΔΕΖ
979 953 1144 1046 τριγώνῳ.

198 1065 274 1130 Τών
303 1060 368 1149 γόιρ
397 1059 510 1130 αὐτῶν
542 1060 884 1129 κατασκευασθέντων
917 1057 1043 1146 ὁμοίως
1075 1063 1144 1127 δεί-

129 1170 243 1254 ξομεν,
268 1165 319 1235 ὅτι
343 1174 398 1253 ἴση
422 1167 513 1234 ἐστὶν
535 1164 557 1253 ῆ
580 1172 647 1234 ΒΓ
664 1170 704 1253 τῆ
728 1171 811 1232 ΒΗ·
839 1162 924 1232 ώστε
951 1165 1007 1231 καὶ
1034 1170 1145 1250 γωνία

75 1272 151 1360 1οῆ
178 1273 262 1362 ιιρός
284 1277 329 1365 τῷ
353 1278 386 1339 Γ
402 1276 442 1360 τῆ
465 1269 531 1340 ὑπὸ
555 1279 661 1340 ΒΗΓ
680 1279 735 1358 ἴση
764 1273 863 1339 ἐστίν.
906 1268 968 1337 οὐκ
996 1270 1144 1339 ἐλάττων

128 1378 166 1446 δὲ
199 1377 306 1466 ὀρθῆς
337 1374 359 1463 ῆ
389 1375 472 1464 πρὸς
503 1381 549 1467 τῷ
582 1383 622 1445 Γ·
656 1376 719 1446 οὐκ
750 1375 896 1445 ἐλάττων
929 1376 996 1463 ἄρα
1033 1374 1146 1464 ὀρθῆς

128 1484 210 1553 οὐδὲ
242 1481 262 1570 ῆ
297 1481 363 1551 ὑπὸ
391 1488 502 1551 ΒΗΓ.
544 1482 711 1572 τριγώνου
740 1485 782 1569 ὀῆ
810 1487 872 1550 τοῦ
894 1488 1001 1551 ΒΗΓ
1019 1485 1057 1549 αί
1078 1481 1145 1550 δύο

127 1593 248 1675 γωνίαι
275 1591 339 1658 ὀώο
369 1587 486 1675 ὀρθών
514 1588 578 1657 οὔκ
605 1594 692 1658 είσιν
719 1588 906 1668 ἐλάττονες·
940 1587 1021 1677 ὅπερ
1050 1587 1144 1656 ἐστὶν

129 1694 310 1764 ἀδύνατον.
351 1693 413 1764 οὐκ
435 1693 503 1784 ὀίρα
525 1695 627 1764 πάλιν
650 1695 768 1775 ἄνισός
792 1697 883 1762 ἐστιν
907 1691 928 1780 ἡ
951 1690 1017 1762 ὑπὸ
1042 1699 1149 1761 ΑΒΓ

74 1815 108 1865 15
128 1807 236 1888 γωνία
263 1805 303 1890 τῆ
331 1798 398 1869 ὑιιό
422 1807 539 1868 ΔΕΖ·
568 1809 623 1888 ἴση
647 1800 722 1886 ἄρα.
764 1806 833 1869 ἔστι
862 1799 900 1868 δὲ
926 1800 983 1867 καὶ
1010 1797 1031 1886 ῆ
1059 1797 1145 1884 πρὸς

127 2016 228 2101 ίοιιιῆ
251 2016 292 2101 τῆ
316 2013 399 2102 κρός
425 2015 471 2107 τῷ
496 2021 523 2080 Ζ
547 2023 602 2102 ἴση
631 2015 731 2082 ἐστίν.
773 2011 955 2100 ίσογώνιον
983 2010 1048 2099 ἄρα
1072 2011 1145 2079 ἐστὶ

127 2115 165 2186 τό
188 2125 293 2186 ΑΒΓ
311 2125 478 2207 τρίγωνον
500 2123 547 2213 τῷ
571 2127 673 2187 ΔΕΖ
695 2119 857 2211 τριγώνῳ.

194 2222 273 2292 Ἐὰν
300 2224 367 2312 ὀίρα
395 2224 458 2294 δύο
491 2229 639 2312 τρίγωνα
671 2230 751 2311 μίαν
780 2229 910 2312 γωνίαν
942 2227 1002 2313 μιᾷ
1034 2229 1146 2315 γωνίηι

75 2344 111 2394 20
131 2338 208 2416 ἴσην
222 2336 291 2420 ἔχη,
309 2331 386 2419 περὶ
404 2330 442 2398 δὲ
455 2328 559 2410 ἄλλας
575 2336 701 2416 γωνίας
717 2356 777 2410 τας
794 2329 941 2419 πλευρὰς
960 2327 1144 2417 ἀνάλογον,

118 2440 196 2513 ,τών
220 2435 258 2503 δὲ
280 2440 407 2505 ίοιιιών
431 2436 589 2524 ἑκατέραν
608 2434 677 2524 ἅμα
696 2435 856 2506 ἐλάττονα
874 2432 895 2523 ῆ
915 2433 960 2522 μῆ
981 2434 1144 2504 ἐλάττονα

128 2540 252 2630 ὀρθῆς,
280 2541 442 2628 ἰσογώνια
470 2546 561 2610 ἔσται
583 2540 624 2609 τόι
645 2547 794 2631 τρίγωνα
816 2542 872 2609 καὶ
896 2550 970 2620 ἴσας
992 2543 1057 2623 ἕξει
1080 2540 1143 2621 τὰς

127 2655 269 2733 γωνίας,
301 2647 377 2734 περὶ
407 2643 448 2726 ἃς
477 2647 650 2735 ἀνάλογόν
682 2652 768 2716 εἰσιν
801 2649 839 2715 αί
867 2653 1021 2735 πλευραί·
1058 2645 1143 2735 ὀτερ

129 2758 197 2820 ἔδει
222 2753 336 2832 ὀεῖξαι.

73 2899 110 2951 ιι
614 2877 660 2966 η’.

193 2996 281 3067 Ἐὰν
309 3001 351 3068 ἐν
383 2996 620 3094 ὀρθογωνίῳ
651 3001 830 3095 τριγώνῳ
868 2999 944 3070 ὀτὸ
976 2982 1043 3087 τῆς
1076 2996 1144 3088 ὀρ-

128 3107 202 3191 θῆς
234 3112 380 3192 γωνίας
407 3107 469 3176 ἐπὶ
497 3106 569 3195 τῆν
597 3107 717 3194 βάσιν
744 3107 915 3188 κάθετος
942 3104 1061 3196 ὀχθῆ,
1093 3106 1141 3175 τὰ

201 3290 225 3339 1.
249 3279 323 3338 ἐστίν
346 3284 377 3339 Β.
419 3285 488 3340 Post
510 3290 532 3338 A
555 3284 632 3339 add..
647 3287 752 3354 σημείῳ
775 3285 834 3354 Bp,
858 3300 942 3354 supra
960 3282 995 3353 F,
1013 3301 1049 3339 m.
1070 3290 1086 3338 2
1105 3283 1142 3340 V.

164 3359 189 3409 3.
209 3349 283 3426 ἐστί]
304 3351 378 3411 ἐστίν
397 3355 433 3424 Ρ,
453 3373 543 3425 comp.
561 3375 590 3425 p.
677 3363 700 3411 6.
721 3339 842 3415 ὀίώττων
860 3354 891 3408 Γ.
978 3351 1063 3410 πάλιν
1082 3349 1140 3424 ὅτι]

127 3442 164 3478 m.
185 3431 200 3480 2
224 3425 255 3481 V.
329 3431 353 3481 7.
373 3423 521 3495 ἰσογώνιόν
537 3423 612 3482 ἐστιν
625 3427 656 3482 Ρ.
729 3431 754 3480 8.
769 3421 921 3513 ὀγσίωςζόῆ
936 3426 1022 3496 va.
1050 3474 1071 3483 ,,
1097 3431 1142 3481 10.
1204 3432 1209 3439 “

128 3492 254 3552 ἐλάσσων
271 3516 299 3566 p.
382 3503 423 3552 11.
444 3493 568 3553 ἐλάσσων
587 3516 613 3567 p.
696 3503 738 3550 12.
758 3497 842 3568 ουδὲ]
863 3513 917 3551 om⁴
936 3494 969 3551 V.
1049 3488 1081 3567 ἡ]
1101 3514 1141 3554 m.

63 3648 97 3718 h
