2446 3938
148 179 212 244 273
248 134 260 155 ⁹
529 177 731 232 ενοωιοιοα
748 174 789 246 η’.

214 321 283 388 Καὶ
310 320 381 389 ἐπεὶ
409 322 444 387 oc
465 326 558 402 Ε,Ζ
587 317 758 406 ἐλάχιστοί
783 321 848 386 είσι
876 321 944 387 τῶν
971 316 1034 386 τὸν
1059 315 1173 387 αὐτὸν

147 427 251 514 λόγον
280 428 426 514 ἐχόντων
454 425 584 512 αὐτοῖς,
612 429 739 513 πρῶτοι
767 423 851 511 πρὸς
878 421 1046 512 ἀλλήλους
1070 427 1172 495 είσίν.

147 534 203 600 καὶ
231 533 301 602 ἐπεὶ
328 532 483 620 ἑκάτερος
510 535 580 601 των
608 539 700 618 E,Z
728 530 851 600 ἑαυτὸν
883 530 945 618 μὲν
976 539 1172 599 πολλαπλα-

147 639 266 720 σιάσας
293 639 451 727 ἑκάτερον
478 643 547 706 τῶν
576 645 626 723 Η,
645 645 681 705 K
711 643 906 724 πεποίηκεν,
939 636 1100 723 ἑκάτερον
1133 638 1172 706 δὲ

111 757 215 822 ὅτων
242 752 293 831 Η,
314 753 348 814 K
374 744 669 824 πολλαπλασιάσας
696 744 857 832 ἑκάτερον
888 748 958 813 τῶν
989 746 1086 829 A&
1112 768 1171 813 πε-

146 858 301 938 ποίηκεν,
324 852 380 920 καὶ
404 854 440 921 οί
460 858 506 937 Η,
525 858 560 918 Κ
581 849 648 939 ἄρα
670 852 726 918 καὶ
750 854 786 919 οί
809 858 855 938 A,
875 853 905 928 Ξ
929 855 1057 939 πρῶτοι
1080 849 1171 939 πρὸς

146 956 314 1046 ἀλλήλους
347 961 444 1026 είσίυ.
488 958 544 1025 καὶ
573 958 643 1026 ἐπεὶ
670 960 706 1025 οί
735 967 783 1044 A,
802 965 846 1044 B,
868 963 909 1044 Γ,
930 964 963 1024 A
996 956 1173 1044 ἐλάχιστοί

146 1069 211 1133 είσι
237 1069 307 1135 τῶν
334 1063 396 1133 τὸν
425 1061 530 1133 αὐτὸν
558 1063 662 1151 λόγον
693 1063 840 1152 ἐχόντων
864 1060 994 1147 αὐτοῖς,
1028 1063 1094 1131 είσὶ
1130 1064 1170 1132 δὲ

146 1173 202 1238 καὶ
226 1175 262 1240 οί
284 1180 325 1257 A,
344 1179 394 1258 M,
414 1174 504 1255 Ν,Ξ
524 1170 691 1257 ἐλάχιστοι
714 1173 751 1238 ἐν
774 1175 819 1262 τῷ
845 1168 935 1262 αὐτῷ
959 1169 1048 1259 λόγῳ
1069 1168 1170 1252 ὅντες

94 1303 127 1352 10
145 1291 216 1357 τοῖς
246 1289 292 1364 A,
312 1286 356 1363 Β,
375 1285 417 1365 Γ,
438 1287 486 1363 A,
513 1284 573 1344 καί
592 1279 683 1345 ἐστιν
708 1283 783 1343 ίσον
806 1273 845 1343 τὸ
876 1279 1007 1362 πλῆθος
1028 1279 1098 1343 τῶν
1124 1286 1170 1361 A,

146 1393 191 1470 Β,
210 1392 253 1470 Γ,
274 1393 307 1451 A
333 1389 379 1476 τῷ
406 1383 531 1472 πλήθει
557 1387 628 1451 τῶν
656 1391 701 1468 Λ,
720 1389 776 1469 Μ,
795 1389 845 1469 Ν,
864 1385 907 1469 Ξ,
932 1385 1069 1462 ἕκαστος
1098 1379 1169 1470 ἄρα

145 1495 214 1557 τῶν
238 1500 281 1574 A,
300 1498 340 1576 Β,
359 1495 397 1574 Γ,
416 1497 450 1556 A
473 1488 600 1580 ἑκάστῳ
623 1500 692 1557 τοῖν
716 1496 758 1574 A,
778 1496 825 1575 Μ,
847 1495 892 1574 Ν,
911 1490 942 1565 Ξ
962 1495 1034 1566 ίσος
1057 1489 1168 1555 ἐστίν·

146 1603 218 1675 ῖσος
246 1593 312 1682 ἄρα
340 1596 431 1663 ἐστίν
459 1592 477 1663 6
508 1593 571 1680 μὲν
593 1605 625 1663 Α
647 1598 693 1687 τῷ
718 1601 762 1681 A,
790 1592 808 1662 6
838 1592 876 1662 δὲ
899 1601 933 1661 A
954 1597 1000 1685 τῷ
1024 1595 1060 1669 Ξ.
1107 1599 1172 1661 καί

146 1705 232 1768 εἰσιν
261 1704 296 1769 οί
322 1709 353 1769 A
361 1704 417 1788 ,Ξ
442 1707 568 1790 πρῶτον
595 1699 679 1790 πρὸς
705 1699 880 1788 ἀλλήλους.
925 1699 982 1767 καὶ
1006 1701 1041 1766 οῖ
1061 1709 1110 1786 A,
1132 1709 1168 1768 A

93 1832 126 1880 15
145 1807 211 1892 ἄρα
234 1811 360 1894 πρῶτον
382 1804 465 1894 πρὸς
488 1804 654 1895 ἀλλήλους
677 1812 779 1876 εἰσίν·
804 1805 885 1894 ὅπερ
909 1810 977 1875 ἐδει
1001 1807 1119 1887 δεῖξαι.

212 2092 353 2178 Λόγων
377 2095 584 2162 δοθέντων
607 2089 844 2161 ὁποσωνοῦν
868 2094 909 2161 ἐν
937 2095 1167 2177 ἐλαχίστοις

145 2195 336 2285 ἀριθμοῖς
362 2196 564 2286 ἀριθμοὺς
590 2195 724 2285 εὑρεῖν
748 2198 835 2283 ἑξῆς
853 2195 1055 2283 ἀνάλογον
1074 2200 1165 2265 ἐλα-

144 2308 305 2391 χίστους
329 2307 475 2382 ἐντοῖς
499 2307 658 2372 δοθεῖσι
681 2303 825 2389 λόγοις.

91 2442 126 2490 20
203 2408 379 2478 Ἔστωσαν
407 2412 442 2476 οἱ
474 2411 633 2489 δοθέντες
663 2407 759 2495 λόχοι
787 2412 824 2479 ἐν
853 2411 1036 2497 ἐλαχίστοις
1064 2407 1164 2498 ἀριθ-

144 2528 219 2603 μοῖς
256 2517 276 2585 ὅ
307 2541 342 2583 τε
376 2520 436 2583 τοῦ
470 2525 502 2583 Α
535 2515 619 2600 πρὸς
650 2514 710 2584 τὸν
739 2525 767 2584 Β
795 2517 850 2584 καὶ
884 2515 901 2584 6
929 2521 991 2586 τοῦ
1018 2523 1051 2584 Γ
1078 2516 1164 2605 πρὸς

142 2622 204 2690 τὸν
234 2631 268 2689 A
294 2621 350 2689 καὶ
378 2627 426 2689 ἔτι
455 2619 473 2690 6
502 2625 563 2689 τοῦ
591 2630 623 2689 Ε
647 2620 732 2708 πρὸς
759 2621 820 2690 τδν
844 2631 885 2691 Ζ·
914 2627 968 2691 δεῖ
994 2622 1035 2710 δή
1061 2620 1162 2706 ἀριθ-

144 2729 228 2814 μοὺς
251 2727 363 2817 εὑρεῖν
386 2730 461 2815 ἑξῆς
483 2724 654 2814 ἀνάλογον
678 2731 872 2815 ἐλαχίστους
899 2734 937 2797 ἐν
964 2755 999 2796 τε
1029 2733 1074 2819 τῷ
1098 2733 1161 2797 τοῦ

144 2844 176 2899 A
203 2831 287 2921 πρὸς
313 2832 374 2901 τὸν
402 2841 430 2901 Β
459 2832 549 2925 λόγῳ
577 2834 633 2900 καὶ
661 2836 698 2902 ἐν
725 2838 771 2927 τῷ
796 2839 856 2903 τοῦ
881 2841 913 2902 Γ
935 2833 1019 2921 πρὸς
1040 2833 1102 2902 τδν
1127 2843 1162 2901 A

90 2938 199 3019 25qu
222 2943 269 3006 ἐτι
293 2942 398 3030 ἐντῷ
421 2943 483 3008 τοῦ
506 2946 538 3006 E
558 2938 642 3024 πρὸς
665 2937 724 3008 τὸν
747 2948 783 3008 Ζ.

211 3045 378 3133 Εἰλήφθω
402 3044 467 3134 γὰρ
490 3042 508 3114 6
532 3043 598 3113 ὑπὸ
623 3049 690 3114 τῶν
714 3053 809 3132 Β,Τ
829 3047 999 3134 ἐλάχιστος
1022 3047 1162 3135 μετρού-

143 3179 244 3239 μενος
273 3149 419 3240 ἀριθμὸς
456 3149 474 3221 6
507 3158 551 3220 H.
596 3151 652 3218 καὶ
684 3149 802 3231 ὁσάκις
834 3152 896 3238 μὲν
924 3150 943 3220 6
972 3160 1001 3220 Β
1035 3152 1096 3221 τὸν
1125 3161 1166 3221 Η

216 3302 240 3348 1.
259 3294 308 3348 καὶ
327 3291 439 3349 ἐπεί-
455 3300 484 3348 3:
505 3288 609 3349 ἑαυτὸν
623 3289 692 3419 χιέν]
713 3291 743 3349 ολ
759 3288 815 3362 ἄρα
834 3289 917 3362 ἄκροι
934 3291 1028 3349 αὐτῶν
1044 3291 1073 3348 ot
1084 3298 1117 3363 A,
1133 3296 1162 3354 Ξ

143 3365 250 3429 πρῶτοι
267 3361 339 3433 πρὸς
352 3360 490 3434 ἀλλήλους
504 3363 584 3420 εἰσίν.
638 3364 685 3420 πελ
703 3361 757 3435 γὰρ
777 3362 807 3419 οί
818 3368 852 3432 Ε,
869 3368 890 3420 Ζ
903 3366 1010 3434 πρῶτοι
1025 3361 1161 3435 ἑκάτερος

143 3432 176 3488 δὲ
195 3430 292 3489 αὐτῶν
313 3431 416 3490 ἔαυτόν
431 3422 529 3490 Theon
547 3435 660 3504 (Bth).
718 3442 741 3490 1.
763 3433 834 3490 εἰσιν
848 3437 878 3491 Ρ.
934 3443 959 3491 4.
979 3436 1022 3508 K]
1038 3453 1108 3492 oras.
1123 3436 1158 3492 V.

143 3511 168 3561 ὅ,
187 3507 244 3559 τῶν
263 3506 305 3576 A]
324 3502 468 3561 τόνΛΡ.
525 3514 549 3562 6.
568 3507 635 3577 καί]
655 3524 709 3562 om.
728 3507 817 3574 Bth.
872 3506 1159 3575 nauem—7:
