2446 3938
143 187 209 253 378
514 186 716 239 2601me
733 183 778 239 ε’.

143 329 229 410 ἅπαξ
257 326 323 396 ὑπὸ
353 334 435 411 ΔΕ,
455 333 517 393 ΕΖ
545 326 630 413 πρὸς
656 325 716 395 τὸν
743 323 810 394 ὑπὸ
835 333 919 412 ΛΕ,
938 333 1006 393 ΕΖ
1038 332 1180 415 πρῶτοί

144 440 239 503 εἰσιν.
287 439 335 501 ἔτι
359 432 503 501 διελόντι
532 436 567 499 ολ
592 430 657 501 ἀπὸ
680 437 749 501 τῶν
781 438 864 517 ΔΕ,
884 438 947 500 ΕΖ
982 430 1053 520 ἄρα
1090 433 1176 523 πρὸς

142 540 202 608 τὸν
230 538 296 608 ὑπὸ
327 548 410 625 ΔΕ,
433 547 496 607 ΕΖ
528 544 657 625 πρῶτοί
686 544 782 607 εἰσιν.
831 542 890 605 καί
921 541 1015 606 ἐστιν
1050 537 1072 607 6
1109 542 1173 628 μὲν

143 646 208 715 ἀπὸ
236 651 298 716 τοῦ
321 655 392 714 ΔΕ
412 644 431 714 6
454 656 501 730 A,
531 642 548 713 6
579 645 616 713 δὲ
639 643 705 713 ὑπὸ
729 649 796 713 τῶν
825 651 992 729 ΔΕ,ΕΖ
1023 643 1043 713 6
1075 654 1124 733 Β,
1154 646 1172 715 6

109 754 183 822 οόὲ
206 752 272 822 ἆτὸ
295 758 356 821 τοῦ
381 760 442 821 ΒΖ
466 750 483 819 ὁ
508 758 544 820 Γ.
581 755 617 818 οἱ
638 760 685 837 A,
705 757 737 818 Γ
755 749 822 837 ἄρα
841 751 1065 832 συντεθέντες
1087 751 1174 840 πρὸς

143 859 202 928 τὸν
226 868 255 927 Β
277 864 407 947 πρῶτοί
427 863 528 927 εἰσιν·
552 858 635 945 ὅπερ
659 862 726 925 ἔδει
751 858 865 937 δεῖξαι.

623 1052 679 1122 ις’.

206 1191 296 1263 Ἐὰν
328 1194 400 1263 δύο
434 1193 602 1283 ἀριθμοὶ
638 1198 787 1281 πρῶτοι
825 1191 922 1278 πρὸς
959 1190 1169 1281 ἀλλήλους

143 1294 256 1386 ὦσιν,
281 1297 351 1369 οὐκ
375 1307 484 1368 ἔσται
508 1298 558 1380 ὡς
582 1297 599 1367 6
623 1304 776 1387 πρῶτος
798 1297 897 1386 πρὸς
923 1298 993 1366 τὸν
1024 1300 1168 1370 δεύτε-

91 1430 124 1479 10
144 1435 230 1496 ρον,
255 1406 380 1486 οὕτως
403 1404 421 1474 6
447 1405 633 1492 δεύτερος
656 1405 754 1492 πρὸς
777 1403 899 1472 ἄλλον
922 1404 1024 1472 τινά.

210 1512 285 1579 Δύο
309 1511 374 1598 γὰρ
398 1509 540 1599 ἀριθμοὶ
564 1516 599 1578 οἱ
620 1523 666 1598 A,
686 1520 714 1579 Β
737 1515 863 1600 πρῶτοι
885 1508 968 1598 πρὸς
991 1509 1166 1599 ἀλλήλους

143 1623 304 1684 ἔστωσαν·
332 1619 433 1703 λέγω,
464 1614 516 1684 ὅτι
545 1615 607 1685 οὐκ
635 1623 726 1686 ἔστιν
755 1615 801 1698 ὥς
828 1614 846 1685 6
871 1627 903 1684 A
925 1614 1010 1703 πρὸς
1033 1616 1100 1685 τὸν
1125 1627 1163 1699 Β,

143 1722 250 1802 οὕτως
274 1719 291 1790 6
316 1730 345 1790 B
367 1722 451 1810 πρὸς
473 1722 579 1791 ἄλλον
602 1724 687 1792 τινά.

211 1833 253 1895 Εἰ
281 1826 346 1917 γὰρ
376 1829 539 1914 δυνατόν,
572 1835 655 1898 ἔστω
684 1827 730 1909 ὡς
757 1827 775 1898 6
805 1839 837 1897 A
864 1827 948 1917 πρὸς
974 1831 1038 1897 τὸν
1066 1839 1116 1919 B,
1145 1831 1162 1899 6

89 1949 123 1996 15
142 1943 171 2003 Β
198 1933 282 2022 πρὸς
308 1938 370 2004 τὸν
398 1941 435 2006 Γ.
481 1939 516 2003 oc
541 1936 579 2004 δὲ
605 1944 653 2021 A,
672 1944 701 2003 Β
728 1939 869 2024 πρῶτοι,
903 1937 937 2002 οἱ
964 1935 1001 2002 δὲ
1030 1942 1162 2025 πρῶτον

141 2043 196 2109 καὶ
221 2043 402 2130 ἐλάχιστοι,
427 2045 462 2109 ολ
483 2041 520 2110 δὲ
544 2043 710 2130 ἐλάχιστοι
733 2039 876 2130 ἀριθμοὶ
898 2045 1060 2128 μετροῦσι
1079 2044 1163 2124 τοὺς

141 2149 201 2216 τὸν
230 2147 334 2217 αὐτὸν
362 2149 465 2236 λόγον
489 2154 625 2236 ἔχοντας
649 2149 757 2229 ἰσάκις
785 2148 805 2215 6
827 2174 862 2215 τε
885 2146 1079 2234 ἡγούμενος
1099 2148 1162 2218 τὸν

141 2251 332 2340 ἡγούμενον
354 2256 410 2322 καὶ
434 2253 452 2322 6
478 2255 639 2341 ἑπόμενος
662 2254 722 2323 τὸν
745 2254 925 2341 ἑπόμενον·
954 2268 1070 2342 μετρεῖ
1092 2257 1162 2343 ἄρα

142 2360 159 2427 ὁ
184 2368 217 2426 A
239 2359 301 2428 τὸν
320 2368 349 2427 Β
373 2359 418 2440 ὡς
441 2358 628 2448 ἡγούμενος
649 2359 850 2448 ἡγούμενον.
895 2373 1009 2448 μετρεῖ
1036 2359 1074 2428 δὲ
1103 2362 1162 2430 καὶ

87 2488 123 2536 20
142 2466 277 2534 ἑαυτόν·
306 2464 323 2535 ὁ
353 2476 385 2533 A
411 2465 476 2554 ἄρα
504 2467 584 2547 τοὺς
607 2475 653 2554 A,
672 2475 701 2535 Β
725 2480 838 2554 μετρεῖ
867 2464 1022 2553 πρώτους
1057 2464 1163 2547 ὄντας

140 2571 224 2660 πρὸς
242 2570 421 2660 ἀλλήλους·
446 2574 527 2661 ὅπερ
547 2576 681 2641 ἄτοπον.
719 2571 782 2641 οὐκ
806 2570 872 2661 ἄρα
895 2576 986 2638 ἔσται
1010 2567 1058 2651 ὡς
1081 2569 1101 2639 6
1129 2582 1162 2641 A

139 2677 224 2765 πρὸς
247 2678 307 2747 τὸν
330 2687 369 2767 B,
393 2677 500 2758 οὕτως
523 2679 540 2747 ὁ
562 2688 590 2746 Β
609 2679 692 2767 πρὸς
710 2679 771 2746 τὸν
786 2684 827 2746 Γ·
851 2677 933 2765 ὅπερ
953 2679 1022 2743 ἔδει
1042 2680 1162 2760 δεῖξαι.

621 2871 674 2953 ιζ’.

205 3009 292 3078 Ἐὰν
317 3002 414 3079 ὦσιν
439 3007 737 3097 ὁσοιδηποτοῦν
760 3011 930 3099 ἀριθμοὶ
954 3013 1043 3098 ἑξῆς
1062 3012 1163 3082 ἀνά-

212 3233 236 3280 1.
250 3221 325 3294 ὑπό]
340 3220 396 3280 ὑπὸ
407 3225 524 3312 τῶνῑζφ
536 3226 608 3297 (bis).
654 3223 764 3295 πρῶτός
775 3222 851 3313 ἐστιν
861 3224 946 3313 ἾροΙ.
994 3232 1019 3279 2.
1035 3223 1080 3350 οξ)
1097 3222 1114 3281 6
1133 3247 1163 3298 q.

140 3369 220 3431 (corr.
240 3385 276 3420 m.
297 3372 332 3435 2).
392 3369 459 3440 τοῦ]
481 3369 536 3422 τῶν
555 3369 618 3436 ch.
683 3375 708 3425 7.
728 3364 788 3439 ις’]
808 3368 874 3421 hinc
892 3384 984 3421 rursus
1004 3316 1118 3438 incipil61
1121 3308 1162 3428 6⁸1.

22 3494 25 3498 ,
140 3441 164 3488 8.
185 3432 381 3505 δύο]ιη.2Β.
439 3445 479 3493 14,
500 3435 533 3511 6]
551 3435 799 3509 (priue)6‹p(non
815 3439 856 3507 F).
914 3445 954 3492 17.
972 3435 1090 3506 ἔχοντας
1105 3436 1163 3496 αὖ·

139 3511 197 3567 τοῖς
216 3505 249 3561 V.
331 3503 347 3562 6
366 3528 445 3564 τε-
462 3516 507 3564 18:
528 3508 684 3582 ἑπόμενον]
704 3528 757 3566 om.
777 3510 875 3564 Theon
894 3507 1028 3578 (BFVq).
1116 3517 1162 3570 18.

141 3303 165 3352 3.
185 3293 241 3350 ὑπὸ
262 3297 318 3350 τῶν
332 3296 365 3352 V.
402 3298 511 3363 πρῶτος
530 3295 589 3352 ἔστι
607 3299 692 3368 thq.
749 3305 773 3351 5.
793 3296 868 3367 ατο]
888 3315 944 3350 vno
963 3297 1026 3365 Βφ,
