2446 3938
159 181 224 246 110
534 177 735 287 ῳεοωοωεωα
754 173 794 232 ς’.

157 330 220 390 ΕΖ
251 314 348 407 ἦκται
380 318 401 405 ἡ
433 326 516 404 ΗΘ,
549 323 640 388 ἔστιν
668 317 735 406 άρα
763 316 808 397 ῶς
841 315 862 402 ἡ
892 323 970 383 ΔΗ
992 313 1077 404 πρὸς
1110 313 1174 402 τὴν

158 435 237 511 ΗΕ,
261 427 367 505 οὕτως
389 425 410 511 ἡ
436 433 502 493 ΔΘ
523 450 607 513 προς
628 451 691 511 την
715 432 785 492 ΘΖ.
826 431 882 510 ίση
906 418 988 507 ‹II-I,
1011 420 1074 508 μεν
1100 427 1178 490 ΔΗ

157 538 196 622 τῇ
222 543 263 619 Α,
287 531 308 618 ἡ
333 533 369 601 δὲ
392 539 465 600 ΗΕ
485 537 525 621 τῇ
548 539 588 618 Β,
611 529 632 617 ἡ
657 531 695 599 δὲ
718 538 785 598 ΔΘ
806 533 846 617 τῇ
870 535 910 598 Γ·
931 533 1023 596 ἔστιν
1042 525 1110 616 άρα
1130 524 1190 624 ῶς,

158 636 235 724 ἡΑ
258 638 342 728 πρὸς
364 637 427 726 τὴν
451 646 494 724 Β,
518 635 624 716 οὕτως
646 633 667 724 ἡ
691 642 723 703 Γ·
741 634 825 724 πρὸς
847 632 910 721 τὴν
934 640 1005 702 ΘΖ.

124 758 139 807 5
229 748 340 833 Τριῶν
373 743 438 831 άρα
466 746 636 811 δοθεισῶν
668 738 812 809 εὐθειῶν
843 743 912 808 τῶν
944 749 987 825 A,
1006 746 1048 825 B,
1066 744 1101 808 Γ
1123 765 1176 808 τε·

158 851 259 939 τάρτη
279 849 451 936 άνάῖογον
469 848 694 937 προσεύρηται
714 845 735 934 ἡ
750 855 824 914 ΘΖ·
845 845 928 933 ὅπερ
942 850 1010 915 ἔδει
1023 849 1175 934 ποιῆσαι.

635 1070 693 1129 ιγ.

226 1151 310 1218 Δύο
353 1153 565 1243 δοθεισῶν
595 1146 765 1217 εύθειῶν
806 1149 930 1234 μέσην
968 1143 1176 1233 άνάῖογον

159 1268 409 1344 προσευρεῖν.

107 1377 141 1425 10
217 1361 392 1429 Ἔστωσαν
424 1363 462 1427 αἱ
492 1364 647 1427 δοθεῖσαι
679 1360 742 1428 δύο
776 1356 907 1429 εύθεῖαι
937 1361 975 1426 αί
1000 1354 1176 1444 ΛΒᾸΒΓ·

160 1472 213 1533 δεῖ
235 1466 276 1552 δὴ
299 1470 367 1534 τῶν
390 1473 470 1551 AB,
485 1471 553 1533 ΒΓ
571 1467 676 1552 μέσην
699 1463 871 1552 άνάῖογον
894 1477 1105 1554 προσευρεῖν.

226 1575 431 1639 Κείσθωσαν
459 1569 509 1639 ἐπ’
544 1569 694 1657 εὐθείας,
731 1573 786 1639 καὶ
813 1570 999 1660 γεγράφθω
1028 1570 1081 1638 ἐπὶ
1109 1574 1173 1658 τῆς

159 1683 228 1744 ΑΓ
254 1673 453 1763 ἡμικύκλιον
480 1675 518 1746 τὸ
542 1682 659 1762 ΑΔΓ,
687 1678 741 1745 καὶ
766 1676 862 1766 ἤχθω
886 1674 953 1745 άπὸ
976 1679 1042 1759 τούΙ
1061 1683 1090 1743 Β
1117 1695 1175 1764 ση-

160 1788 256 1867 μείου
286 1786 327 1870 τῇ
354 1788 423 1850 ΑΓ
446 1784 565 1872 εύθείηι
596 1781 679 1871 πρὸς
712 1781 819 1872 ὀρθάς
846 1779 867 1871 ἡ
898 1790 981 1868 ΒΔ,
1010 1781 1068 1849 καὶ
1101 1785 1176 1852 ἐπε-

107 1903 140 1950 15
160 1885 355 1973 ζεύχθωσαν
378 1891 415 1954 αί
433 1875 524 1974 ΑΔ,
539 1893 614 1956 ΔΓ.

223 1989 313 2060 Ἐπεὶ
345 1997 381 2062 ἐν
417 1992 599 2086 ἡμικυκλίῳ
637 2001 744 2082 γωνία
778 1995 868 2062 ἐστὶν
900 1992 921 2081 ἡ
953 1989 1020 2061 ὑπὸ
1052 2001 1174 2082 ΑΔΓ,

160 2097 249 2186 ὀρθή
288 2101 386 2169 ἐστιν.
440 2103 497 2169 καί
534 2103 604 2169 ἐπεὶ
637 2103 674 2170 ἐν
706 2098 906 2192 ὀρθογωνίῳ
939 2098 1093 2190 τριγώνῳ
1127 2104 1177 2194 τῷ

158 2211 267 2273 ΑΛΓ
285 2203 351 2274 άπὸ
373 2211 433 2293 τῆς
456 2205 564 2295 ὀρθῆς
586 2212 711 2292 γωνίας
733 2207 786 2274 ἐπὶ
809 2204 871 2292 τὴν
897 2205 1000 2292 βάσιν
1026 2203 1174 2287 κάθετος

158 2303 253 2397 ἦκται
277 2308 298 2398 ἡ
324 2319 405 2398 AB,
429 2309 450 2398 ἡ
475 2319 541 2378 ΔΒ
565 2311 631 2400 άρα
653 2315 722 2379 τῶν
748 2316 807 2399 τῆς
834 2310 961 2397 βάσεως
987 2311 1175 2398 τμημάτων

106 2434 141 2482 20
158 2420 227 2485 τῶν
250 2425 330 2500 AB,
345 2423 412 2485 ΒΓ
430 2418 512 2503 μέση
536 2415 709 2504 άυάλογόν
733 2419 833 2485 ἐστιν.
1102 2406 1106 2420 ’

226 2521 302 2590 Δύο
333 2520 399 2610 άρα
428 2527 597 2590 δοθεισῶν
625 2522 771 2592 εύθειῶν
797 2527 867 2591 τῶν
893 2530 974 2609 AB,
993 2528 1061 2590 ΒΓ
1086 2525 1174 2612 μέση

160 2627 330 2713 ἀνάλογον
353 2625 576 2715 προσεύρηται
599 2625 620 2713 ἡ
647 2636 726 2695 ΔΒ·
759 2625 840 2716 ὅπερ
865 2632 933 2696 ἔδει
955 2632 1104 2716 ποιῆσαι.

636 2803 693 2872 ιδ’.

231 2893 316 2974 Τῶν
353 2915 449 2977 ίσων
486 2937 525 2978 τε
556 2910 621 2977 καῖ
659 2914 887 2997 ἰσογωνίων
919 2918 1176 3002 παραλληλο·

231 3087 305 3141 XIII.
319 3086 493 3157 Philoponus
506 3088 536 3142 in
550 3088 666 3143 Aristot.
686 3088 721 3142 de
740 3087 834 3143 anima
853 3106 873 3158 g
890 3090 924 3146 ΙΙ.
989 3088 1061 3144 XIV.
1076 3087 1177 3146 Philo·

159 3174 223 3227 pon.
242 3158 272 3211 In
291 3158 364 3214 anal.
383 3160 455 3228 post.
475 3157 523 3213 fol.
545 3165 626 3214 117v.

232 3294 256 3339 1.
275 3286 343 3354 EZ]
368 3298 437 3337 corr.
463 3299 496 3336 ex
516 3284 575 3337 ΗΘ
597 3301 634 3339 m.
653 3299 707 3337 ree.
730 3283 765 3349 P;
789 3283 849 3336 ΗΘ
872 3283 894 3337 Β
921 3322 927 3335 .
1003 3284 1078 3356 ΗΘ]
1101 3299 1176 3342 corr.

160 3369 193 3406 ex
213 3356 263 3406 ΖΕ
282 3373 317 3410 m.
337 3371 392 3408 rec.
411 3354 446 3420 P;
466 3356 518 3407 ΕΖ
537 3353 596 3423 Bp3
617 3355 677 3408 ΘΗ
689 3353 715 3409 V
729 3371 765 3408 m.
780 3359 805 3407 θ.
868 3301 974 3425 isspom.
989 3354 1023 3410 V.
1092 3359 1118 3408 Δ

158 3422 189 3476 in
206 3440 259 3478 ras.
280 3423 311 3477 B.
396 3420 460 3492 τήν]
480 3441 533 3479 om.
553 3423 633 3494 BFp.
725 3431 749 3478 2.
769 3421 841 3549 τήν]ς
855 3441 909 3480 om.
929 3425 978 3478 BF
985 3444 1012 3496 p.
1101 3427 1156 3481 ΘΖ

159 3511 174 3548 ο
194 3511 262 3549 corr.
282 3493 320 3562 V3
340 3496 393 3549 ΖΘ
411 3496 442 3549 Ρ.
524 3501 548 3548 4.
571 3497 639 3568 ΘΖ]
660 3499 681 3549 Ζ
698 3496 727 3549 in
746 3511 799 3550 τοι.
848 3517 856 3563 3
875 3497 929 3550 ΖΘ
946 3495 977 3552 Ρ.
1061 3502 1104 3552 14.
1124 3492 1177 3552 εύ-
