<?xml version="1.0" encoding="UTF-8"?>
<!DOCTYPE html PUBLIC "-//W3C//DTD XHTML 1.0 Transitional//EN"
    "http://www.w3.org/TR/xhtml1/DTD/xhtml1-transitional.dtd">
<html xmlns="http://www.w3.org/1999/xhtml" xml:lang="en" lang="en">
 <head>
  <title>
</title>
<meta http-equiv="Content-Type" content="text/html;charset=utf-8" />
  <meta name='ocr-system' content='tesseract 3.04.00' />
  <meta name='ocr-capabilities' content='ocr_page ocr_carea ocr_par ocr_line ocrx_word'/>
</head>
<body>
  <div class='ocr_page' id='page_1' title='image "./euclidisoperaom19unkngoog_0247.png"; bbox 0 0 2446 3938; ppageno 0'>
   <div class='ocr_carea' id='block_1_1' title="bbox 128 168 852 255">
    <p class='ocr_par' dir='ltr' id='par_1_1' title="bbox 128 168 852 255">
     <span class='ocr_line' id='line_1_1' title="bbox 128 168 852 255; baseline 0.003 -2"><span class='ocrx_word' id='word_1_1' title='bbox 128 190 193 255; x_wconf 82' lang='lat'><strong><em>216</em></strong></span> <span class='ocrx_word' id='word_1_2' title='bbox 506 180 761 255; x_wconf 63' lang='grc' dir='ltr'><strong><em>Σιουυουίῑ</em></strong></span> <span class='ocrx_word' id='word_1_3' title='bbox 848 168 852 174; x_wconf 80' lang='grc'><strong>’</strong></span> 
     </span>
    </p>
   </div>
   <div class='ocr_carea' id='block_1_2' title="bbox 94 327 1145 949">
    <p class='ocr_par' dir='ltr' id='par_1_2' title="bbox 128 327 1144 739">
     <span class='ocr_line' id='line_1_2' title="bbox 128 327 1143 421; baseline -0.003 -21"><span class='ocrx_word' id='word_1_4' title='bbox 128 331 211 421; x_wconf 88' lang='grc' dir='ltr'><strong><em>πρὸς</em></strong></span> <span class='ocrx_word' id='word_1_5' title='bbox 238 330 299 400; x_wconf 83' lang='grc' dir='ltr'><strong><em>τὸν</em></strong></span> <span class='ocrx_word' id='word_1_6' title='bbox 322 337 398 418; x_wconf 90' lang='grc' dir='ltr'><strong><em>ΓΖ,</em></strong></span> <span class='ocrx_word' id='word_1_7' title='bbox 426 328 445 400; x_wconf 85' lang='lat'>5</span> <span class='ocrx_word' id='word_1_8' title='bbox 474 329 540 419; x_wconf 81' lang='grc' dir='ltr'><strong><em>ῦροι</em></strong></span> <span class='ocrx_word' id='word_1_9' title='bbox 568 333 668 420; x_wconf 98' lang='grc' dir='ltr'><strong><em>μέρος</em></strong></span> <span class='ocrx_word' id='word_1_10' title='bbox 696 332 786 400; x_wconf 80' lang='grc' dir='ltr'><strong><em>ἐστὶν</em></strong></span> <span class='ocrx_word' id='word_1_11' title='bbox 815 329 833 399; x_wconf 98' lang='lat'>5</span> <span class='ocrx_word' id='word_1_12' title='bbox 857 339 924 398; x_wconf 90' lang='lat' dir='ltr'><strong><em>AB</em></strong></span> <span class='ocrx_word' id='word_1_13' title='bbox 952 334 1013 398; x_wconf 87' lang='grc' dir='ltr'><strong><em>τοῦ</em></strong></span> <span class='ocrx_word' id='word_1_14' title='bbox 1037 336 1100 398; x_wconf 87' lang='grc' dir='ltr'><strong><em>ΓΔ</em></strong></span> <span class='ocrx_word' id='word_1_15' title='bbox 1124 327 1143 417; x_wconf 78' lang='grc' dir='ltr'><strong><em>ἦ</em></strong></span> 
     </span>
     <span class='ocr_line' id='line_1_3' title="bbox 129 433 1144 526; baseline -0.003 -19"><span class='ocrx_word' id='word_1_16' title='bbox 129 441 228 526; x_wconf 82' lang='grc' dir='ltr'><strong><em>μέρη,</em></strong></span> <span class='ocrx_word' id='word_1_17' title='bbox 256 436 294 505; x_wconf 85' lang='grc' dir='ltr'><strong><em>τὸ</em></strong></span> <span class='ocrx_word' id='word_1_18' title='bbox 324 435 406 507; x_wconf 79' lang='grc' dir='ltr'><strong>αὐτὸ</strong></span> <span class='ocrx_word' id='word_1_19' title='bbox 434 439 534 525; x_wconf 86' lang='grc' dir='ltr'><strong><em>μέρος</em></strong></span> <span class='ocrx_word' id='word_1_20' title='bbox 563 438 632 506; x_wconf 82' lang='grc' dir='ltr'><strong><em>ἐστὶ</em></strong></span> <span class='ocrx_word' id='word_1_21' title='bbox 659 437 715 504; x_wconf 82' lang='grc' dir='ltr'><strong><em>καὶ</em></strong></span> <span class='ocrx_word' id='word_1_22' title='bbox 744 434 762 505; x_wconf 92' lang='lat'>5</span> <span class='ocrx_word' id='word_1_23' title='bbox 786 444 856 503; x_wconf 82' lang='grc' dir='ltr'><strong><em>ΑΒ</em></strong></span> <span class='ocrx_word' id='word_1_24' title='bbox 881 441 942 504; x_wconf 80' lang='grc' dir='ltr'><strong><em>τοῦ</em></strong></span> <span class='ocrx_word' id='word_1_25' title='bbox 966 443 1027 504; x_wconf 91' lang='grc' dir='ltr'><strong><em>ΓΖ</em></strong></span> <span class='ocrx_word' id='word_1_26' title='bbox 1054 433 1075 523; x_wconf 80' lang='grc' dir='ltr'><em>ἢ</em></span> <span class='ocrx_word' id='word_1_27' title='bbox 1105 436 1144 504; x_wconf 83' lang='grc' dir='ltr'><strong><em>ιὰ</em></strong></span> 
     </span>
     <span class='ocr_line' id='line_1_4' title="bbox 129 540 1143 634; baseline -0.001 -22"><span class='ocrx_word' id='word_1_28' title='bbox 129 543 214 612; x_wconf 81' lang='grc' dir='ltr'><strong><em>αὐτὰ</em></strong></span> <span class='ocrx_word' id='word_1_29' title='bbox 228 545 330 634; x_wconf 56' lang='grc' dir='ltr'><strong><em>μέρη,</em></strong></span> <span class='ocrx_word' id='word_1_30' title='bbox 366 544 422 611; x_wconf 83' lang='grc' dir='ltr'><strong><em>καὶ</em></strong></span> <span class='ocrx_word' id='word_1_31' title='bbox 445 543 562 623; x_wconf 81' lang='grc' dir='ltr'><strong><em>λοιπὸς</em></strong></span> <span class='ocrx_word' id='word_1_32' title='bbox 584 542 650 631; x_wconf 78' lang='grc' dir='ltr'><strong><em>ἄρα</em></strong></span> <span class='ocrx_word' id='word_1_33' title='bbox 674 540 692 611; x_wconf 92' lang='lat'>5</span> <span class='ocrx_word' id='word_1_34' title='bbox 718 551 781 611; x_wconf 85' lang='grc' dir='ltr'><strong><em>ΕΒ</em></strong></span> <span class='ocrx_word' id='word_1_35' title='bbox 800 545 921 611; x_wconf 79' lang='grc' dir='ltr'><strong><em>λοιποῦ</em></strong></span> <span class='ocrx_word' id='word_1_36' title='bbox 939 547 1001 610; x_wconf 80' lang='grc' dir='ltr'><strong><em>τοῦ</em></strong></span> <span class='ocrx_word' id='word_1_37' title='bbox 1020 550 1088 610; x_wconf 90' lang='grc' dir='ltr'><strong><em>ΖΔ</em></strong></span> <span class='ocrx_word' id='word_1_38' title='bbox 1106 541 1143 611; x_wconf 77' lang='grc' dir='ltr'><strong><em>τὸ</em></strong></span> 
     </span>
     <span class='ocr_line' id='line_1_5' title="bbox 129 646 1143 739; baseline -0.001 -21"><span class='ocrx_word' id='word_1_39' title='bbox 129 647 211 718; x_wconf 82' lang='grc' dir='ltr'><strong><em>αὐτὸ</em></strong></span> <span class='ocrx_word' id='word_1_40' title='bbox 235 652 335 739; x_wconf 80' lang='grc' dir='ltr'><strong><em>μέρος</em></strong></span> <span class='ocrx_word' id='word_1_41' title='bbox 358 650 448 718; x_wconf 76' lang='grc' dir='ltr'><strong><em>ἐστὶν</em></strong></span> <span class='ocrx_word' id='word_1_42' title='bbox 472 646 492 736; x_wconf 77' lang='grc' dir='ltr'><em>ἢ</em></span> <span class='ocrx_word' id='word_1_43' title='bbox 516 651 611 737; x_wconf 87' lang='grc' dir='ltr'><strong><em>μέρη,</em></strong></span> <span class='ocrx_word' id='word_1_44' title='bbox 635 647 719 736; x_wconf 81' lang='grc' dir='ltr'><strong><em>ἅπερ</em></strong></span> <span class='ocrx_word' id='word_1_45' title='bbox 743 647 846 718; x_wconf 85' lang='grc' dir='ltr'><strong><em>ὁΑΒ</em></strong></span> <span class='ocrx_word' id='word_1_46' title='bbox 869 653 931 717; x_wconf 87' lang='grc' dir='ltr'><strong><em>τοῦ</em></strong></span> <span class='ocrx_word' id='word_1_47' title='bbox 950 654 1021 717; x_wconf 88' lang='grc' dir='ltr'><strong><em>ΓΔ.</em></strong></span> <span class='ocrx_word' id='word_1_48' title='bbox 1054 655 1143 717; x_wconf 75' lang='grc' dir='ltr'><strong><em>ἔστιν</em></strong></span> 
     </span>
    </p>

    <p class='ocr_par' dir='ltr' id='par_1_3' title="bbox 94 753 1145 949">
     <span class='ocr_line' id='line_1_6' title="bbox 94 753 1145 844; baseline 0 -20"><span class='ocrx_word' id='word_1_49' title='bbox 94 755 195 844; x_wconf 75' lang='grc' dir='ltr'><strong><em>5ῦίροι</em></strong></span> <span class='ocrx_word' id='word_1_50' title='bbox 219 754 264 836; x_wconf 79' lang='grc' dir='ltr'><strong><em>ὡς</em></strong></span> <span class='ocrx_word' id='word_1_51' title='bbox 287 753 305 824; x_wconf 95' lang='lat'>5</span> <span class='ocrx_word' id='word_1_52' title='bbox 330 763 394 824; x_wconf 83' lang='grc' dir='ltr'><strong><em>ΕΒ</em></strong></span> <span class='ocrx_word' id='word_1_53' title='bbox 417 753 500 844; x_wconf 84' lang='grc' dir='ltr'><strong><em>πρὸς</em></strong></span> <span class='ocrx_word' id='word_1_54' title='bbox 521 753 582 823; x_wconf 84' lang='grc' dir='ltr'><strong><em>τὸν</em></strong></span> <span class='ocrx_word' id='word_1_55' title='bbox 606 763 688 842; x_wconf 90' lang='grc' dir='ltr'>ΖΔ,</span> <span class='ocrx_word' id='word_1_56' title='bbox 717 753 824 835; x_wconf 87' lang='grc' dir='ltr'><strong><em>οῦτως</em></strong></span> <span class='ocrx_word' id='word_1_57' title='bbox 847 754 864 824; x_wconf 92' lang='lat'>5</span> <span class='ocrx_word' id='word_1_58' title='bbox 890 764 955 823; x_wconf 94' lang='lat' dir='ltr'><strong><em>AB</em></strong></span> <span class='ocrx_word' id='word_1_59' title='bbox 977 755 1062 842; x_wconf 85' lang='grc' dir='ltr'><strong><em>πρὸς</em></strong></span> <span class='ocrx_word' id='word_1_60' title='bbox 1085 755 1145 824; x_wconf 80' lang='grc' dir='ltr'><strong><em>τὸν</em></strong></span> 
     </span>
     <span class='ocr_line' id='line_1_7' title="bbox 128 860 548 949; baseline -0.002 -18"><span class='ocrx_word' id='word_1_61' title='bbox 128 869 203 931; x_wconf 93' lang='grc' dir='ltr'><strong><em>ΓΔ·</em></strong></span> <span class='ocrx_word' id='word_1_62' title='bbox 237 860 319 949; x_wconf 82' lang='grc' dir='ltr'><strong><em>ὅπερ</em></strong></span> <span class='ocrx_word' id='word_1_63' title='bbox 343 867 411 930; x_wconf 77' lang='grc' dir='ltr'><strong><em>ἔδει</em></strong></span> <span class='ocrx_word' id='word_1_64' title='bbox 434 865 548 943; x_wconf 77' lang='grc' dir='ltr'><strong><em>δεῖξαι.</em></strong></span> 
     </span>
    </p>
   </div>
   <div class='ocr_carea' id='block_1_3' title="bbox 28 1021 1153 2718">
    <p class='ocr_par' dir='ltr' id='par_1_4' title="bbox 28 1021 1147 1447">
     <span class='ocr_line' id='line_1_8' title="bbox 609 1021 672 1107; baseline 0.032 -19"><span class='ocrx_word' id='word_1_65' title='bbox 609 1021 672 1107; x_wconf 83' lang='grc' dir='ltr'><strong><em>ιβ’.</em></strong></span> 
     </span>
     <span class='ocr_line' id='line_1_9' title="bbox 195 1139 1145 1234; baseline -0.004 -19"><span class='ocrx_word' id='word_1_66' title='bbox 195 1143 282 1215; x_wconf 80' lang='grc' dir='ltr'><strong><em>Ἐἀν</em></strong></span> <span class='ocrx_word' id='word_1_67' title='bbox 323 1139 420 1216; x_wconf 80' lang='grc' dir='ltr'><strong><em>ὦσιν</em></strong></span> <span class='ocrx_word' id='word_1_68' title='bbox 462 1146 683 1215; x_wconf 79' lang='grc' dir='ltr'><strong><em>ὁποσοιοῦν</em></strong></span> <span class='ocrx_word' id='word_1_69' title='bbox 720 1143 890 1234; x_wconf 72' lang='grc' dir='ltr'><strong><em>ἀριθμοὶ</em></strong></span> <span class='ocrx_word' id='word_1_70' title='bbox 927 1143 1145 1231; x_wconf 74' lang='grc' dir='ltr'><strong><em>ἀνάλογον,</em></strong></span> 
     </span>
     <span class='ocr_line' id='line_1_10' title="bbox 130 1247 1147 1339; baseline -0.006 -16"><span class='ocrx_word' id='word_1_71' title='bbox 130 1260 240 1324; x_wconf 78' lang='grc' dir='ltr'><strong><em>ἔσται</em></strong></span> <span class='ocrx_word' id='word_1_72' title='bbox 278 1249 327 1334; x_wconf 77' lang='grc' dir='ltr'><strong><em>ὥς</em></strong></span> <span class='ocrx_word' id='word_1_73' title='bbox 363 1247 419 1334; x_wconf 82' lang='grc' dir='ltr'><strong><em>εἷς</em></strong></span> <span class='ocrx_word' id='word_1_74' title='bbox 455 1256 531 1321; x_wconf 79' lang='grc' dir='ltr'><strong><em>τῶν</em></strong></span> <span class='ocrx_word' id='word_1_75' title='bbox 568 1250 802 1339; x_wconf 78' lang='grc' dir='ltr'><strong><em>ἡγουμένων</em></strong></span> <span class='ocrx_word' id='word_1_76' title='bbox 838 1251 936 1339; x_wconf 87' lang='grc' dir='ltr'><strong><em>πρὸς</em></strong></span> <span class='ocrx_word' id='word_1_77' title='bbox 969 1253 1038 1320; x_wconf 80' lang='grc' dir='ltr'><strong><em>ἕνα</em></strong></span> <span class='ocrx_word' id='word_1_78' title='bbox 1069 1254 1147 1317; x_wconf 77' lang='grc' dir='ltr'><strong><em>νῦν</em></strong></span> 
     </span>
     <span class='ocr_line' id='line_1_11' title="bbox 28 1354 1146 1447; baseline -0.001 -23"><span class='ocrx_word' id='word_1_79' title='bbox 28 1362 351 1447; x_wconf 82' lang='grc' dir='ltr'><strong><em>,·1οέπομένων,</em></strong></span> <span class='ocrx_word' id='word_1_80' title='bbox 385 1357 509 1439; x_wconf 80' lang='grc' dir='ltr'><strong><em>οῦπως</em></strong></span> <span class='ocrx_word' id='word_1_81' title='bbox 537 1356 707 1438; x_wconf 76' lang='grc' dir='ltr'><strong><em>ἅπαντες</em></strong></span> <span class='ocrx_word' id='word_1_82' title='bbox 735 1362 774 1426; x_wconf 76' lang='grc' dir='ltr'><strong><em>οἱ</em></strong></span> <span class='ocrx_word' id='word_1_83' title='bbox 799 1356 1020 1445; x_wconf 79' lang='grc' dir='ltr'><strong><em>ἡγούμενοι</em></strong></span> <span class='ocrx_word' id='word_1_84' title='bbox 1048 1354 1146 1445; x_wconf 87' lang='grc' dir='ltr'><strong><em>πρὸς</em></strong></span> 
     </span>
    </p>

    <p class='ocr_par' dir='ltr' id='par_1_5' title="bbox 130 1464 1152 1870">
     <span class='ocr_line' id='line_1_12' title="bbox 130 1464 669 1551; baseline -0.004 -17"><span class='ocrx_word' id='word_1_85' title='bbox 130 1465 304 1546; x_wconf 75' lang='grc' dir='ltr'><strong><em>ἅπαντας</em></strong></span> <span class='ocrx_word' id='word_1_86' title='bbox 326 1464 419 1544; x_wconf 79' lang='grc' dir='ltr'><strong><em>τοὺς</em></strong></span> <span class='ocrx_word' id='word_1_87' title='bbox 442 1466 669 1551; x_wconf 83' lang='grc' dir='ltr'><strong><em>ἑπομένους.</em></strong></span> 
     </span>
     <span class='ocr_line' id='line_1_13' title="bbox 187 1567 1146 1659; baseline -0.002 -20"><span class='ocrx_word' id='word_1_88' title='bbox 187 1573 363 1639; x_wconf 79' lang='grc' dir='ltr'><strong><em>Ἔστωσαν</em></strong></span> <span class='ocrx_word' id='word_1_89' title='bbox 392 1569 575 1639; x_wconf 80' lang='grc' dir='ltr'><strong><em>ὁποσοιοῦν</em></strong></span> <span class='ocrx_word' id='word_1_90' title='bbox 603 1568 746 1659; x_wconf 74' lang='grc' dir='ltr'><strong><em>ἀριθμοὶ</em></strong></span> <span class='ocrx_word' id='word_1_91' title='bbox 774 1567 945 1657; x_wconf 78' lang='grc' dir='ltr'><strong><em>ἀνάλογον</em></strong></span> <span class='ocrx_word' id='word_1_92' title='bbox 974 1574 1009 1639; x_wconf 79' lang='grc' dir='ltr'><strong><em>οἱ</em></strong></span> <span class='ocrx_word' id='word_1_93' title='bbox 1034 1579 1081 1656; x_wconf 92' lang='lat' dir='ltr'><strong><em>A,</em></strong></span> <span class='ocrx_word' id='word_1_94' title='bbox 1104 1577 1146 1656; x_wconf 87' lang='grc' dir='ltr'><strong><em>Β,</em></strong></span> 
     </span>
     <span class='ocr_line' id='line_1_14' title="bbox 130 1673 1146 1765; baseline -0.002 -20"><span class='ocrx_word' id='word_1_95' title='bbox 130 1678 168 1764; x_wconf 87' lang='grc' dir='ltr'><strong><em>Γ,</em></strong></span> <span class='ocrx_word' id='word_1_96' title='bbox 193 1686 237 1764; x_wconf 91' lang='grc' dir='ltr'>Δ,</span> <span class='ocrx_word' id='word_1_97' title='bbox 261 1674 306 1756; x_wconf 80' lang='grc' dir='ltr'><strong><em>ὡς</em></strong></span> <span class='ocrx_word' id='word_1_98' title='bbox 329 1674 347 1744; x_wconf 93' lang='lat'>5</span> <span class='ocrx_word' id='word_1_99' title='bbox 371 1686 403 1743; x_wconf 88' lang='lat' dir='ltr'><em>A</em></span> <span class='ocrx_word' id='word_1_100' title='bbox 425 1676 509 1764; x_wconf 87' lang='grc' dir='ltr'><strong><em>πρὸς</em></strong></span> <span class='ocrx_word' id='word_1_101' title='bbox 530 1675 592 1745; x_wconf 84' lang='grc' dir='ltr'><strong><em>τὸν</em></strong></span> <span class='ocrx_word' id='word_1_102' title='bbox 616 1683 660 1762; x_wconf 90' lang='grc' dir='ltr'><strong><em>Β,</em></strong></span> <span class='ocrx_word' id='word_1_103' title='bbox 684 1674 790 1756; x_wconf 81' lang='grc' dir='ltr'><strong><em>οὕτως</em></strong></span> <span class='ocrx_word' id='word_1_104' title='bbox 814 1673 832 1744; x_wconf 93' lang='lat'>5</span> <span class='ocrx_word' id='word_1_105' title='bbox 856 1683 889 1744; x_wconf 95' lang='grc' dir='ltr'><strong><em>Γ</em></strong></span> <span class='ocrx_word' id='word_1_106' title='bbox 907 1677 991 1765; x_wconf 86' lang='grc' dir='ltr'><strong><em>πρὸς</em></strong></span> <span class='ocrx_word' id='word_1_107' title='bbox 1012 1674 1073 1744; x_wconf 81' lang='grc' dir='ltr'><strong><em>τὸν</em></strong></span> <span class='ocrx_word' id='word_1_108' title='bbox 1098 1684 1146 1743; x_wconf 88' lang='grc' dir='ltr'><strong><em>Δ·</em></strong></span> 
     </span>
     <span class='ocr_line' id='line_1_15' title="bbox 130 1779 1152 1870; baseline -0.002 -18"><span class='ocrx_word' id='word_1_109' title='bbox 130 1785 231 1870; x_wconf 73' lang='grc' dir='ltr'><strong><em>λέγω,</em></strong></span> <span class='ocrx_word' id='word_1_110' title='bbox 256 1781 308 1850; x_wconf 85' lang='grc' dir='ltr'><strong><em>ὅτι</em></strong></span> <span class='ocrx_word' id='word_1_111' title='bbox 331 1784 421 1852; x_wconf 79' lang='grc' dir='ltr'><strong><em>ἐστὶν</em></strong></span> <span class='ocrx_word' id='word_1_112' title='bbox 445 1781 489 1863; x_wconf 81' lang='grc' dir='ltr'><strong><em>ὡς</em></strong></span> <span class='ocrx_word' id='word_1_113' title='bbox 512 1780 530 1850; x_wconf 91' lang='lat'>5</span> <span class='ocrx_word' id='word_1_114' title='bbox 553 1792 586 1850; x_wconf 90' lang='lat' dir='ltr'><em>A</em></span> <span class='ocrx_word' id='word_1_115' title='bbox 608 1781 691 1870; x_wconf 75' lang='grc' dir='ltr'><strong><em>πρὲς</em></strong></span> <span class='ocrx_word' id='word_1_116' title='bbox 713 1779 773 1851; x_wconf 80' lang='grc' dir='ltr'><strong><em>τὸν</em></strong></span> <span class='ocrx_word' id='word_1_117' title='bbox 797 1789 837 1869; x_wconf 90' lang='grc' dir='ltr'><strong><em>Β,</em></strong></span> <span class='ocrx_word' id='word_1_118' title='bbox 862 1781 968 1863; x_wconf 85' lang='grc' dir='ltr'><strong><em>οῦτως</em></strong></span> <span class='ocrx_word' id='word_1_119' title='bbox 992 1786 1095 1868; x_wconf 84' lang='grc' dir='ltr'><strong><em>οιΑ,</em></strong></span> <span class='ocrx_word' id='word_1_120' title='bbox 1119 1788 1152 1850; x_wconf 90' lang='grc' dir='ltr'>Γ</span> 
     </span>
    </p>

    <p class='ocr_par' dir='ltr' id='par_1_6' title="bbox 78 1888 443 1977">
     <span class='ocr_line' id='line_1_16' title="bbox 78 1888 443 1977; baseline 0.011 -25"><span class='ocrx_word' id='word_1_121' title='bbox 78 1903 111 1953; x_wconf 74' lang='lat'><strong><em>15</em></strong></span> <span class='ocrx_word' id='word_1_122' title='bbox 130 1888 214 1977; x_wconf 85' lang='grc' dir='ltr'><strong><em>πρὸς</em></strong></span> <span class='ocrx_word' id='word_1_123' title='bbox 235 1889 315 1968; x_wconf 83' lang='grc' dir='ltr'><strong><em>τοὺς</em></strong></span> <span class='ocrx_word' id='word_1_124' title='bbox 337 1896 377 1975; x_wconf 92' lang='grc' dir='ltr'>Β,</span> <span class='ocrx_word' id='word_1_125' title='bbox 401 1897 443 1956; x_wconf 88' lang='grc' dir='ltr'><strong><em>Δ.</em></strong></span> 
     </span>
    </p>

    <p class='ocr_par' dir='ltr' id='par_1_7' title="bbox 66 1991 1153 2614">
     <span class='ocr_line' id='line_1_17' title="bbox 195 1991 1153 2084; baseline -0.001 -21"><span class='ocrx_word' id='word_1_126' title='bbox 195 1993 284 2064; x_wconf 80' lang='grc' dir='ltr'><strong><em>Ἐπεὶ</em></strong></span> <span class='ocrx_word' id='word_1_127' title='bbox 311 1997 377 2084; x_wconf 74' lang='grc' dir='ltr'><strong><em>γάρ</em></strong></span> <span class='ocrx_word' id='word_1_128' title='bbox 401 1999 491 2064; x_wconf 79' lang='grc' dir='ltr'><strong><em>ἐστιν</em></strong></span> <span class='ocrx_word' id='word_1_129' title='bbox 516 1991 562 2074; x_wconf 77' lang='grc' dir='ltr'><strong><em>ὡς</em></strong></span> <span class='ocrx_word' id='word_1_130' title='bbox 585 1991 603 2063; x_wconf 91' lang='lat'>5</span> <span class='ocrx_word' id='word_1_131' title='bbox 627 2003 659 2063; x_wconf 92' lang='lat' dir='ltr'><em>A</em></span> <span class='ocrx_word' id='word_1_132' title='bbox 682 1992 766 2082; x_wconf 87' lang='grc' dir='ltr'><strong><em>πρὸς</em></strong></span> <span class='ocrx_word' id='word_1_133' title='bbox 787 1993 847 2063; x_wconf 83' lang='grc' dir='ltr'><strong><em>τὸν</em></strong></span> <span class='ocrx_word' id='word_1_134' title='bbox 871 2002 916 2080; x_wconf 92' lang='grc' dir='ltr'>Β,</span> <span class='ocrx_word' id='word_1_135' title='bbox 947 1993 1054 2074; x_wconf 78' lang='grc' dir='ltr'><strong><em>οὕτως</em></strong></span> <span class='ocrx_word' id='word_1_136' title='bbox 1077 1991 1095 2061; x_wconf 91' lang='lat'>5</span> <span class='ocrx_word' id='word_1_137' title='bbox 1119 2000 1153 2062; x_wconf 91' lang='grc' dir='ltr'>Γ</span> 
     </span>
     <span class='ocr_line' id='line_1_18' title="bbox 76 2095 1147 2190; baseline -0.004 -20"><span class='ocrx_word' id='word_1_138' title='bbox 76 2126 81 2135; x_wconf 95' lang='grc'>·</span> <span class='ocrx_word' id='word_1_139' title='bbox 130 2100 214 2190; x_wconf 88' lang='grc' dir='ltr'><strong><em>πρὸς</em></strong></span> <span class='ocrx_word' id='word_1_140' title='bbox 239 2100 301 2170; x_wconf 82' lang='grc' dir='ltr'><strong><em>τὸν</em></strong></span> <span class='ocrx_word' id='word_1_141' title='bbox 325 2110 375 2188; x_wconf 87' lang='grc' dir='ltr'>Δ,</span> <span class='ocrx_word' id='word_1_142' title='bbox 403 2098 422 2169; x_wconf 89' lang='lat'>5</span> <span class='ocrx_word' id='word_1_143' title='bbox 446 2100 511 2190; x_wconf 72' lang='grc' dir='ltr'><strong><em>ἄρα</em></strong></span> <span class='ocrx_word' id='word_1_144' title='bbox 535 2102 635 2190; x_wconf 83' lang='grc' dir='ltr'><strong><em>μέρος</em></strong></span> <span class='ocrx_word' id='word_1_145' title='bbox 657 2101 748 2169; x_wconf 78' lang='grc' dir='ltr'><strong><em>ἐστὶν</em></strong></span> <span class='ocrx_word' id='word_1_146' title='bbox 771 2098 790 2168; x_wconf 90' lang='lat'>5</span> <span class='ocrx_word' id='word_1_147' title='bbox 814 2110 846 2168; x_wconf 93' lang='lat' dir='ltr'><em>A</em></span> <span class='ocrx_word' id='word_1_148' title='bbox 869 2103 930 2168; x_wconf 85' lang='grc' dir='ltr'><strong><em>τοῦ</em></strong></span> <span class='ocrx_word' id='word_1_149' title='bbox 953 2107 982 2167; x_wconf 95' lang='grc' dir='ltr'>Β</span> <span class='ocrx_word' id='word_1_150' title='bbox 1005 2095 1026 2186; x_wconf 76' lang='grc' dir='ltr'><em>ἢ</em></span> <span class='ocrx_word' id='word_1_151' title='bbox 1051 2101 1147 2187; x_wconf 83' lang='grc' dir='ltr'><strong><em>μέρη,</em></strong></span> 
     </span>
     <span class='ocr_line' id='line_1_19' title="bbox 129 2201 1146 2296; baseline -0.001 -21"><span class='ocrx_word' id='word_1_152' title='bbox 129 2206 167 2276; x_wconf 79' lang='grc' dir='ltr'><strong><em>τὸ</em></strong></span> <span class='ocrx_word' id='word_1_153' title='bbox 188 2205 270 2274; x_wconf 82' lang='grc' dir='ltr'><em>αὐτὸ</em></span> <span class='ocrx_word' id='word_1_154' title='bbox 295 2209 396 2296; x_wconf 84' lang='grc' dir='ltr'><strong><em>μέρος</em></strong></span> <span class='ocrx_word' id='word_1_155' title='bbox 419 2207 486 2275; x_wconf 81' lang='grc' dir='ltr'><strong><em>ἐστὶ</em></strong></span> <span class='ocrx_word' id='word_1_156' title='bbox 508 2207 565 2274; x_wconf 76' lang='grc' dir='ltr'><strong><em>καὶ</em></strong></span> <span class='ocrx_word' id='word_1_157' title='bbox 589 2203 607 2275; x_wconf 90' lang='lat'>5</span> <span class='ocrx_word' id='word_1_158' title='bbox 632 2212 664 2273; x_wconf 91' lang='grc' dir='ltr'><strong><em>Γ</em></strong></span> <span class='ocrx_word' id='word_1_159' title='bbox 681 2209 743 2273; x_wconf 84' lang='grc' dir='ltr'><strong><em>τοῦ</em></strong></span> <span class='ocrx_word' id='word_1_160' title='bbox 762 2213 796 2272; x_wconf 92' lang='grc' dir='ltr'><em>Δ</em></span> <span class='ocrx_word' id='word_1_161' title='bbox 818 2201 839 2292; x_wconf 78' lang='grc' dir='ltr'><strong><em>ἢ</em></strong></span> <span class='ocrx_word' id='word_1_162' title='bbox 863 2207 957 2296; x_wconf 60' lang='grc' dir='ltr'><strong><em>μέρη,</em></strong></span> <span class='ocrx_word' id='word_1_163' title='bbox 993 2205 1049 2274; x_wconf 80' lang='grc' dir='ltr'><strong><em>καὶ</em></strong></span> <span class='ocrx_word' id='word_1_164' title='bbox 1069 2225 1146 2274; x_wconf 90' lang='grc' dir='ltr'><strong><em>συν-</em></strong></span> 
     </span>
     <span class='ocr_line' id='line_1_20' title="bbox 131 2309 1147 2402; baseline -0.001 -22"><span class='ocrx_word' id='word_1_165' title='bbox 131 2313 320 2402; x_wconf 71' lang='grc' dir='ltr'><strong><em>αμφότερος</em></strong></span> <span class='ocrx_word' id='word_1_166' title='bbox 347 2311 413 2398; x_wconf 74' lang='grc' dir='ltr'><strong><em>ἄρα</em></strong></span> <span class='ocrx_word' id='word_1_167' title='bbox 441 2309 459 2380; x_wconf 93' lang='lat'>5</span> <span class='ocrx_word' id='word_1_168' title='bbox 483 2321 531 2398; x_wconf 93' lang='lat' dir='ltr'><strong><em>A,</em></strong></span> <span class='ocrx_word' id='word_1_169' title='bbox 555 2317 588 2379; x_wconf 93' lang='grc' dir='ltr'>Γ</span> <span class='ocrx_word' id='word_1_170' title='bbox 610 2311 867 2399; x_wconf 85' lang='grc' dir='ltr'><strong><em>συναμφοτέρου</em></strong></span> <span class='ocrx_word' id='word_1_171' title='bbox 894 2315 956 2380; x_wconf 84' lang='grc' dir='ltr'><strong><em>τοῦ</em></strong></span> <span class='ocrx_word' id='word_1_172' title='bbox 979 2319 1023 2397; x_wconf 89' lang='grc' dir='ltr'>Β,</span> <span class='ocrx_word' id='word_1_173' title='bbox 1047 2320 1081 2379; x_wconf 88' lang='grc' dir='ltr'><em>Λ</em></span> <span class='ocrx_word' id='word_1_174' title='bbox 1109 2311 1147 2379; x_wconf 83' lang='grc' dir='ltr'><strong><em>τὸ</em></strong></span> 
     </span>
     <span class='ocr_line' id='line_1_21' title="bbox 66 2414 1147 2508; baseline 0.001 -23"><span class='ocrx_word' id='word_1_175' title='bbox 66 2418 112 2486; x_wconf 72' lang='lat'><strong><em>&#39;20</em></strong></span> <span class='ocrx_word' id='word_1_176' title='bbox 130 2417 214 2489; x_wconf 84' lang='grc' dir='ltr'><em>αὐτὸ</em></span> <span class='ocrx_word' id='word_1_177' title='bbox 238 2421 338 2508; x_wconf 87' lang='grc' dir='ltr'><strong><em>μέρος</em></strong></span> <span class='ocrx_word' id='word_1_178' title='bbox 361 2419 451 2487; x_wconf 81' lang='grc' dir='ltr'><strong><em>ἐστὶν</em></strong></span> <span class='ocrx_word' id='word_1_179' title='bbox 474 2414 495 2505; x_wconf 76' lang='grc' dir='ltr'><em>ἢ</em></span> <span class='ocrx_word' id='word_1_180' title='bbox 518 2416 559 2485; x_wconf 82' lang='grc' dir='ltr'><strong><em>τὰ</em></strong></span> <span class='ocrx_word' id='word_1_181' title='bbox 582 2415 667 2485; x_wconf 79' lang='grc' dir='ltr'><strong><em>αὐτὰ</em></strong></span> <span class='ocrx_word' id='word_1_182' title='bbox 691 2419 790 2505; x_wconf 85' lang='grc' dir='ltr'><strong><em>μέρη,</em></strong></span> <span class='ocrx_word' id='word_1_183' title='bbox 817 2415 902 2506; x_wconf 80' lang='grc' dir='ltr'><strong><em>ἅπερ</em></strong></span> <span class='ocrx_word' id='word_1_184' title='bbox 926 2414 945 2484; x_wconf 94' lang='lat'>5</span> <span class='ocrx_word' id='word_1_185' title='bbox 969 2428 1001 2485; x_wconf 99' lang='lat' dir='ltr'><em>A</em></span> <span class='ocrx_word' id='word_1_186' title='bbox 1023 2422 1086 2485; x_wconf 83' lang='grc' dir='ltr'><strong><em>τοῦ</em></strong></span> <span class='ocrx_word' id='word_1_187' title='bbox 1109 2425 1147 2486; x_wconf 91' lang='grc' dir='ltr'><strong><em>Β.</em></strong></span> 
     </span>
     <span class='ocr_line' id='line_1_22' title="bbox 131 2521 1148 2614; baseline -0.003 -18"><span class='ocrx_word' id='word_1_188' title='bbox 131 2531 221 2596; x_wconf 79' lang='grc' dir='ltr'><strong><em>ἔστιν</em></strong></span> <span class='ocrx_word' id='word_1_189' title='bbox 249 2525 316 2614; x_wconf 77' lang='grc' dir='ltr'><strong><em>ἄρα</em></strong></span> <span class='ocrx_word' id='word_1_190' title='bbox 340 2523 384 2606; x_wconf 81' lang='grc' dir='ltr'><strong><em>ως</em></strong></span> <span class='ocrx_word' id='word_1_191' title='bbox 408 2521 426 2593; x_wconf 91' lang='lat'>5</span> <span class='ocrx_word' id='word_1_192' title='bbox 450 2533 483 2592; x_wconf 94' lang='lat' dir='ltr'><em>A</em></span> <span class='ocrx_word' id='word_1_193' title='bbox 504 2523 588 2610; x_wconf 86' lang='grc' dir='ltr'><strong><em>πρὸς</em></strong></span> <span class='ocrx_word' id='word_1_194' title='bbox 609 2523 670 2592; x_wconf 84' lang='grc' dir='ltr'><strong><em>τὸν</em></strong></span> <span class='ocrx_word' id='word_1_195' title='bbox 693 2531 734 2610; x_wconf 92' lang='grc' dir='ltr'>Β,</span> <span class='ocrx_word' id='word_1_196' title='bbox 758 2521 863 2603; x_wconf 86' lang='grc' dir='ltr'><strong><em>οῦτως</em></strong></span> <span class='ocrx_word' id='word_1_197' title='bbox 887 2526 922 2591; x_wconf 77' lang='lat' dir='ltr'><strong><em>oc</em></strong></span> <span class='ocrx_word' id='word_1_198' title='bbox 942 2532 989 2610; x_wconf 90' lang='lat' dir='ltr'><strong><em>A,</em></strong></span> <span class='ocrx_word' id='word_1_199' title='bbox 1013 2531 1046 2592; x_wconf 92' lang='grc' dir='ltr'>Γ</span> <span class='ocrx_word' id='word_1_200' title='bbox 1063 2526 1148 2614; x_wconf 87' lang='grc' dir='ltr'><strong><em>πρὸς</em></strong></span> 
     </span>
    </p>

    <p class='ocr_par' dir='ltr' id='par_1_8' title="bbox 129 2627 691 2718">
     <span class='ocr_line' id='line_1_23' title="bbox 129 2627 691 2718; baseline -0.007 -18"><span class='ocrx_word' id='word_1_201' title='bbox 129 2631 210 2712; x_wconf 85' lang='grc' dir='ltr'><strong><em>τοῦς</em></strong></span> <span class='ocrx_word' id='word_1_202' title='bbox 233 2640 273 2718; x_wconf 92' lang='grc' dir='ltr'>Β,</span> <span class='ocrx_word' id='word_1_203' title='bbox 298 2639 343 2698; x_wconf 91' lang='grc' dir='ltr'><strong><em>Δ·</em></strong></span> <span class='ocrx_word' id='word_1_204' title='bbox 381 2627 462 2718; x_wconf 82' lang='grc' dir='ltr'><strong><em>ὅπερ</em></strong></span> <span class='ocrx_word' id='word_1_205' title='bbox 486 2634 553 2697; x_wconf 79' lang='grc' dir='ltr'><strong><em>ἔδει</em></strong></span> <span class='ocrx_word' id='word_1_206' title='bbox 577 2631 691 2711; x_wconf 74' lang='grc' dir='ltr'><strong><em>δεῖξαι.</em></strong></span> 
     </span>
    </p>
   </div>
   <div class='ocr_carea' id='block_1_4' title="bbox 78 2834 1146 3124">
    <p class='ocr_par' dir='ltr' id='par_1_9' title="bbox 78 2834 1146 3124">
     <span class='ocr_line' id='line_1_24' title="bbox 608 2834 669 2892; baseline 0.033 -19"><span class='ocrx_word' id='word_1_207' title='bbox 608 2834 669 2892; x_wconf 80' lang='grc' dir='ltr'><strong><em>ιγ.</em></strong></span> 
     </span>
     <span class='ocr_line' id='line_1_25' title="bbox 195 2923 1146 3020; baseline 0.003 -23"><span class='ocrx_word' id='word_1_208' title='bbox 195 2928 284 2997; x_wconf 79' lang='grc' dir='ltr'><strong><em>Ἐὰν</em></strong></span> <span class='ocrx_word' id='word_1_209' title='bbox 310 2931 497 3020; x_wconf 80' lang='grc' dir='ltr'><strong><em>τέσσαρες</em></strong></span> <span class='ocrx_word' id='word_1_210' title='bbox 519 2929 689 3018; x_wconf 78' lang='grc' dir='ltr'><strong><em>ἀριθμοὶ</em></strong></span> <span class='ocrx_word' id='word_1_211' title='bbox 712 2927 914 3017; x_wconf 78' lang='grc' dir='ltr'><strong><em>ἀνάλογον</em></strong></span> <span class='ocrx_word' id='word_1_212' title='bbox 938 2923 1053 3018; x_wconf 68' lang='grc' dir='ltr'><strong><em>οἶσιν,</em></strong></span> <span class='ocrx_word' id='word_1_213' title='bbox 1082 2933 1146 3000; x_wconf 74' lang='grc' dir='ltr'><strong><em>καὶ</em></strong></span> 
     </span>
     <span class='ocr_line' id='line_1_26' title="bbox 78 3035 719 3124; baseline -0.003 -16"><span class='ocrx_word' id='word_1_214' title='bbox 78 3056 112 3108; x_wconf 76' lang='lat'><strong><em>25</em></strong></span> <span class='ocrx_word' id='word_1_215' title='bbox 132 3035 301 3117; x_wconf 80' lang='grc' dir='ltr'><strong><em>ἐναλλὰξ</em></strong></span> <span class='ocrx_word' id='word_1_216' title='bbox 323 3036 526 3124; x_wconf 78' lang='grc' dir='ltr'><strong><em>ἀνάλογον</em></strong></span> <span class='ocrx_word' id='word_1_217' title='bbox 549 3041 719 3106; x_wconf 79' lang='grc' dir='ltr'><strong><em>ἔσονται.</em></strong></span> 
     </span>
    </p>
   </div>
   <div class='ocr_carea' id='block_1_5' title="bbox 131 3167 345 3178">
    <p class='ocr_par' dir='ltr' id='par_1_10' title="bbox 131 3167 345 3178">
     <span class='ocr_line' id='line_1_27' title="bbox 131 3167 345 3178; baseline -0.019 0"><span class='ocrx_word' id='word_1_218' title='bbox 131 3167 345 3178; x_wconf 71' lang='lat'><strong><em>-———</em></strong></span> 
     </span>
    </p>
   </div>
   <div class='ocr_carea' id='block_1_6' title="bbox 48 2917 75 3004">
    <p class='ocr_par' dir='ltr' id='par_1_11' title="bbox 48 2917 75 3004">
     <span class='ocr_line' id='line_1_28' title="bbox 48 2917 75 3004; baseline -0.074 -30"><span class='ocrx_word' id='word_1_219' title='bbox 48 2917 75 3004; x_wconf 79' lang='grc' dir='ltr'><strong><em>μ</em></strong></span> 
     </span>
    </p>
   </div>
   <div class='ocr_carea' id='block_1_7' title="bbox 9 2909 40 3002">
    <p class='ocr_par' dir='ltr' id='par_1_12' title="bbox 9 2909 40 3002">
     <span class='ocr_line' id='line_1_29' title="bbox 9 2909 40 3002; baseline 0 -2"><span class='ocrx_word' id='word_1_220' title='bbox 9 2909 40 3002; x_wconf 68' lang='grc' dir='ltr'><strong><em>ἵν</em></strong></span> 
     </span>
    </p>
   </div>
   <div class='ocr_carea' id='block_1_8' title="bbox 203 3213 768 3286">
    <p class='ocr_par' dir='ltr' id='par_1_13' title="bbox 203 3213 768 3286">
     <span class='ocr_line' id='line_1_30' title="bbox 203 3213 768 3286; baseline 0.004 -16"><span class='ocrx_word' id='word_1_221' title='bbox 203 3215 276 3271; x_wconf 88' lang='grc' dir='ltr'>ΧΙΠ.</span> <span class='ocrx_word' id='word_1_222' title='bbox 295 3214 406 3286; x_wconf 87' lang='lat' dir='ltr'><strong>Philop.</strong></span> <span class='ocrx_word' id='word_1_223' title='bbox 424 3214 455 3270; x_wconf 89' lang='lat' dir='ltr'><strong><em>in</em></strong></span> <span class='ocrx_word' id='word_1_224' title='bbox 473 3213 545 3270; x_wconf 75' lang='lat' dir='ltr'><strong>anal.</strong></span> <span class='ocrx_word' id='word_1_225' title='bbox 564 3217 638 3284; x_wconf 75' lang='lat' dir='ltr'><strong>post.</strong></span> <span class='ocrx_word' id='word_1_226' title='bbox 656 3215 712 3270; x_wconf 76' lang='lat' dir='ltr'><strong>fol..</strong></span> <span class='ocrx_word' id='word_1_227' title='bbox 727 3220 768 3272; x_wconf 88' lang='lat'><strong><em>18.</em></strong></span> 
     </span>
    </p>
   </div>
   <div class='ocr_carea' id='block_1_9' title="bbox 131 3370 1134 3588">
    <p class='ocr_par' dir='ltr' id='par_1_14' title="bbox 131 3370 1134 3588">
     <span class='ocr_line' id='line_1_31' title="bbox 205 3370 1134 3445; baseline 0.001 -17"><span class='ocrx_word' id='word_1_228' title='bbox 205 3370 313 3445; x_wconf 84' lang='grc' dir='ltr'><strong><em>1ιόν]</em></strong></span> <span class='ocrx_word' id='word_1_229' title='bbox 334 3391 387 3428; x_wconf 88' lang='lat' dir='ltr'><strong><em>om.</em></strong></span> <span class='ocrx_word' id='word_1_230' title='bbox 406 3374 439 3429; x_wconf 92' lang='lat' dir='ltr'><strong><em>V.</em></strong></span> <span class='ocrx_word' id='word_1_231' title='bbox 495 3381 520 3429; x_wconf 78' lang='lat'><strong><em>2.</em></strong></span> <span class='ocrx_word' id='word_1_232' title='bbox 541 3370 616 3429; x_wconf 76' lang='grc' dir='ltr'><strong><em>ἐστίν</em></strong></span> <span class='ocrx_word' id='word_1_233' title='bbox 631 3373 660 3428; x_wconf 82' lang='lat' dir='ltr'><strong><em>F.</em></strong></span> <span class='ocrx_word' id='word_1_234' title='bbox 716 3381 740 3429; x_wconf 83' lang='grc'><strong><em>3.</em></strong></span> <span class='ocrx_word' id='word_1_235' title='bbox 759 3371 869 3445; x_wconf 80' lang='grc' dir='ltr'><strong><em>λοιπός]</em></strong></span> <span class='ocrx_word' id='word_1_236' title='bbox 883 3371 985 3430; x_wconf 76' lang='grc' dir='ltr'><strong><em>λοιπόν</em></strong></span> <span class='ocrx_word' id='word_1_237' title='bbox 998 3394 1025 3444; x_wconf 81' lang='lat' dir='ltr'><strong><em>p.</em></strong></span> <span class='ocrx_word' id='word_1_238' title='bbox 1083 3378 1134 3429; x_wconf 89' lang='grc' dir='ltr'><strong><em>ΖΔ</em></strong></span> 
     </span>
     <span class='ocr_line' id='line_1_32' title="bbox 131 3440 1133 3516; baseline -0.001 -15"><span class='ocrx_word' id='word_1_239' title='bbox 131 3449 184 3501; x_wconf 86' lang='grc' dir='ltr'><strong><em>ΔΖ</em></strong></span> <span class='ocrx_word' id='word_1_240' title='bbox 201 3446 231 3500; x_wconf 94' lang='grc' dir='ltr'><strong><em>Ρ.</em></strong></span> <span class='ocrx_word' id='word_1_241' title='bbox 304 3451 330 3498; x_wconf 85' lang='grc'><strong><em>4.</em></strong></span> <span class='ocrx_word' id='word_1_242' title='bbox 349 3440 434 3515; x_wconf 79' lang='grc' dir='ltr'><strong><em>ἅπερ]</em></strong></span> <span class='ocrx_word' id='word_1_243' title='bbox 454 3464 520 3512; x_wconf 81' lang='grc' dir='ltr'><strong><em>-περ</em></strong></span> <span class='ocrx_word' id='word_1_244' title='bbox 539 3461 608 3500; x_wconf 77' lang='lat' dir='ltr'><strong>eras.</strong></span> <span class='ocrx_word' id='word_1_245' title='bbox 627 3447 658 3500; x_wconf 75' lang='lat' dir='ltr'><strong><em>F.</em></strong></span> <span class='ocrx_word' id='word_1_246' title='bbox 723 3441 752 3516; x_wconf 91' lang='lat'><strong><em>5]</em></strong></span> <span class='ocrx_word' id='word_1_247' title='bbox 771 3446 814 3500; x_wconf 81' lang='lat' dir='ltr'><strong><em>bis</em></strong></span> <span class='ocrx_word' id='word_1_248' title='bbox 832 3464 859 3515; x_wconf 88' lang='lat' dir='ltr'><strong><em>p.</em></strong></span> <span class='ocrx_word' id='word_1_249' title='bbox 930 3452 971 3500; x_wconf 76' lang='lat'><strong><em>12.</em></strong></span> <span class='ocrx_word' id='word_1_250' title='bbox 992 3443 1133 3515; x_wconf 75' lang='grc' dir='ltr'><strong><em>ἀνάλογον</em></strong></span> 
     </span>
     <span class='ocr_line' id='line_1_33' title="bbox 131 3511 1134 3588; baseline -0.002 -16"><span class='ocrx_word' id='word_1_251' title='bbox 131 3534 185 3572; x_wconf 88' lang='lat' dir='ltr'><strong><em>om.</em></strong></span> <span class='ocrx_word' id='word_1_252' title='bbox 204 3516 269 3586; x_wconf 87' lang='lat' dir='ltr'><strong><em>Vp,</em></strong></span> <span class='ocrx_word' id='word_1_253' title='bbox 288 3531 368 3570; x_wconf 81' lang='lat' dir='ltr'>euan.</span> <span class='ocrx_word' id='word_1_254' title='bbox 388 3515 419 3571; x_wconf 85' lang='lat' dir='ltr'><strong><em>F.</em></strong></span> <span class='ocrx_word' id='word_1_255' title='bbox 493 3512 735 3588; x_wconf 81' lang='grc' dir='ltr'><strong><em>13.ὁΓ]δέφ.</em></strong></span> <span class='ocrx_word' id='word_1_256' title='bbox 809 3511 1134 3585; x_wconf 73' lang='grc' dir='ltr'><strong><em>ῦΓ-14εΒ,οῦτως</em></strong></span> 
     </span>
    </p>
   </div>
   <div class='ocr_carea' id='block_1_10' title="bbox 0 0 1238 3938">
    <p class='ocr_par' dir='ltr' id='par_1_15' title="bbox 0 0 1238 3938">
     <span class='ocr_line' id='line_1_34' title="bbox 0 0 1238 3938; baseline 0 0"><span class='ocrx_word' id='word_1_257' title='bbox 0 0 1238 3938; x_wconf 95' lang='lat' dir='ltr'><strong><em> </em></strong></span> 
     </span>
    </p>
   </div>
  </div>
 </body>
</html>
