2446 3938
503 120 712 172 PRAEFATIO.

101 289 130 344 p.
157 269 230 342 344,
280 271 311 325 1:
335 265 475 344 πεποίηκε
497 269 525 327 b.

277 358 308 415 6:
332 349 407 432 πρὸς
428 349 493 432 τόν]
517 350 592 435 πρός
614 359 641 418 b.

256 447 309 504 12:
332 438 385 504 τὸν
407 443 453 520 A]
478 447 505 503 Δ
527 447 555 505 λ).
630 476 637 485 ·

164 542 166 547 ⁴
256 536 309 593 13:
332 535 384 593 τοῦ
407 531 454 609 A]
480 554 535 594 om.
559 537 591 611 b:
614 537 684 610 post
706 527 837 611 ἀριθμοῦ
859 536 914 594 ins,
937 556 976 596 m.
999 555 1055 594 rec.

256 626 309 682 19:
333 615 399 697 τόν]
423 643 479 682 om.
502 626 530 683 b.

254 714 308 770 22:
332 708 523 788 ἐμπίπτωσιν]
549 705 766 789 ἐμπιπτέτωσαν
789 714 816 772 b.

255 803 311 859 23:
335 794 484 876 δεύτερος]
507 798 638 878 τέταρτος
660 803 689 861 λι.

256 892 311 947 24:
335 885 425 964 ἐστίν]
451 908 507 951 om.
531 891 559 949 b.

102 1002 131 1057 p.
157 981 230 1056 346,
275 980 308 1036 4:
332 971 389 1053 ὅτι]
414 997 471 1036 om.
494 979 522 1038 b.

276 1068 308 1125 6:
333 1059 388 1146 γὰρ
411 1064 458 1142 A]
483 1061 590 1147 Αγοῖρ
613 1069 641 1128 b.
680 1079 683 1101 ¹

255 1158 309 1214 11:
333 1153 364 1216 οἱ
384 1158 425 1230 A,
445 1153 486 1231 B]
512 1160 581 1216 ante
604 1176 662 1217 ras,
689 1159 707 1215 2
731 1158 789 1217 litt.
813 1158 841 1218 b.

102 1269 131 1323 p.
157 1248 230 1319 348,
276 1247 309 1303 4:
333 1242 380 1320 A]
406 1264 480 1306 corr.
503 1265 538 1304 ex
560 1247 588 1303 A
610 1265 648 1304 m.
675 1249 691 1306 1
716 1247 745 1305 b.

331 1328 423 1412 κύβος
446 1327 504 1413 ἅμα
527 1332 602 1410 ἐστί]
627 1332 705 1395 ἔστιν
727 1330 785 1413 ἄρα
807 1337 835 1395 b.

256 1426 310 1483 10:
335 1419 381 1498 A]
405 1424 519 1500 πρῶτος
541 1424 569 1482 b.

256 1514 310 1571 11:
334 1510 475 1588 πεποίηκε
497 1513 525 1570 λι.

256 1603 311 1660 13:
335 1592 453 1675 ἑαυτόν]
478 1593 583 1662 ἑαυτὸν
606 1597 659 1679 μέν
682 1603 710 1662 b.

255 1691 308 1748 14:
332 1681 348 1748 ὃ
372 1691 451 1747 Α-
467 1692 520 1749 22:
543 1683 596 1750 τὸν
618 1688 660 1766 Β]
685 1684 736 1753 τὸν
759 1687 792 1752 δὲ
814 1695 839 1751 Β
858 1685 1115 1763 πολλαπλασιάσας

375 1770 427 1837 τὸν
449 1781 479 1836 Γ
495 1777 655 1858 πεποίηκεν
677 1781 705 1840 λι.

254 1871 309 1927 23:
332 1863 382 1926 ιιαλ
405 1858 457 1942 ὥς]
483 1859 523 1940 ολις
544 1869 572 1929 b.

104 1981 132 2036 p.
158 1960 230 2031 350,
279 1961 309 2015 1:
334 1948 349 2014 ὁ
374 1953 421 2031 A]
446 1949 539 2028 οὕτως
562 1949 577 2016 ὁ
602 1958 633 2014 A
654 1958 688 2030 b,
711 1961 741 2016 A
764 1978 780 2017 ο
803 1978 878 2018 corr.
902 1979 940 2017 m.
963 1979 1021 2018 rec.

276 2049 309 2105 3:
333 2041 391 2103 ἐστι
413 2039 518 2122 κύβος]
544 2042 602 2105 ἔστι
626 2037 642 2105 ὁ
666 2039 758 2123 κύβος
780 2048 812 2120 λι,
837 2048 889 2119 sed
913 2040 929 2106 ὁ
953 2047 1093 2106 deletum.

256 2137 309 2193 11:
332 2124 412 2208 ὑπό]
438 2153 512 2193 corr.
537 2154 572 2193 ex
594 2126 669 2211 ὑπὲρ
692 2154 730 2193 m.
754 2155 812 2195 rec.
835 2137 862 2195 b.

257 2224 312 2281 14:
336 2218 400 2283 ἐπεί
408 2225 516 2282 -15ε
540 2217 685 2301 μονάδας]
710 2243 767 2283 om.
790 2225 817 2284 b.

255 2313 309 2370 15:
332 2310 472 2388 πεποίιμιε
495 2313 523 2372 b.

257 2403 310 2459 17:
334 2391 350 2458 ὃ
374 2396 419 2475 ἓν]
445 2396 477 2458 ἐκ
500 2401 527 2459 b.

255 2491 310 2548 24:
335 2484 426 2564 ἔσται]
450 2485 511 2547 ἐστί
531 2489 559 2548 b.

333 2567 367 2652 b]
391 2570 510 2652 πάντες,
533 2571 558 2657 ὃ,
573 2579 601 2640 b.

103 2692 131 2746 p.
156 2670 229 2744 352,
278 2670 310 2725 1:
332 2658 452 2742 πάντες]
477 2685 533 2727 om.
557 2668 586 2726 b.

278 2758 309 2814 2:
333 2758 402 2830 post
425 2754 622 2830 διαλείποντες
645 2757 711 2817 add.
734 2752 840 2830 πάντες
863 2758 891 2817 b.

276 2846 309 2904 4:
333 2837 389 2918 ὅτι]
414 2863 471 2904 οιιι.
493 2845 523 2906 b.

280 2936 312 2993 6:
336 2925 454 3008 πάντες]
479 2952 536 2994 om.
559 2934 587 2995 b.

278 3023 311 3081 8:
335 3014 409 3099 ἅμα]
434 3016 493 3101 ἄρα
515 3025 544 3085 λι.

333 3110 414 3170 Ante
435 3104 614 3190 τετράγωνος
638 3133 713 3172 οισι.
737 3106 753 3176 ὅ
776 3115 803 3174 λι.
874 3106 877 3116 ’

277 3203 310 3260 9:
334 3193 453 3275 πάντες]
477 3193 604 3274 ἅπαντας
625 3203 654 3262 b.

256 3291 311 3348 10:
333 3287 405 3349 Post
426 3281 446 3366 ἡ
470 3308 528 3348 ras.
554 3293 569 3349 1
595 3291 654 3350 litt.
678 3293 706 3352 b.

256 3380 311 3437 12:
334 3370 440 3455 μονάς]
465 3369 484 3455 ἡ
507 3370 602 3455 μονάς
624 3380 652 3440 b.

333 3459 476 3543 ἀριθμόν]
502 3485 558 3525 om.
581 3468 610 3531 b.
