2446 3938
135 160 202 225 344
510 163 712 215 ΣΤοιΧιααα
730 160 775 219 ε’.

134 301 187 369 ὅτι
212 299 277 369 ὁΓ
295 300 356 369 τὸν
372 310 405 368 A
426 302 723 382 πολλαπλασιάσας
744 300 805 372 τὸν
819 313 852 370 Α
873 310 1066 391 πεποίηκεν.
1102 308 1159 375 καὶ

136 408 206 475 ἐπεὶ
226 405 244 475 5
269 412 301 473 Γ
319 407 441 476 ἑαυτὸν
464 410 760 489 πολλαπλασιάσας
777 407 838 478 τὸν
857 419 891 478 A
912 417 1112 499 πεποίηκεν,
1135 409 1155 480 5

134 519 167 582 Γ
195 512 262 600 άρα
292 512 354 582 τὸν
384 522 419 580 A
450 528 564 603 μετρεῖ
592 513 675 582 κατά
709 513 767 595 τάς
800 518 837 584 ἐν
869 513 960 608 αὑτῷ
994 520 1157 604 μονάδας.

134 616 1156 710 ΜηψωὴωὴὼΓωωωὴὼὼ

100 724 226 819 σαύτῷ
250 727 412 813 μονάδας·
447 730 537 794 ἐστιν
560 725 626 815 άρα
650 723 697 806 ὡς
719 721 752 813 ἡ
764 727 869 814 μονάς
891 727 976 815 πρὸς
994 727 1056 798 τὸν
1070 736 1112 816 Γ,
1137 727 1155 797 5

134 839 167 900 Γ
189 830 272 921 πρὸς
298 831 360 899 τὸν
384 841 425 900 A.
471 835 589 918 πάλιν,
618 834 689 900 ἐπεὶ
717 829 736 901 5
764 839 797 901 Γ
820 832 879 901 τὸν
904 844 938 902 A
964 843 1156 904 πολλαπλα-

135 940 254 1018 σιάσας
276 936 336 1005 τὸν
355 947 387 1005 Α
409 944 600 1024 πεποίηκεν,
623 936 691 1005 5A
714 937 780 1024 άρα
802 939 863 1008 τὸν
877 949 909 1007 A
931 953 1048 1028 μετρεῖ
1067 940 1157 1008 κατὰ

134 1043 1161 1134 ώὼῴΓΜῶςωωῶΜὴωὼώΓ

135 1148 218 1217 κατὰ
245 1147 304 1228 τάς
332 1151 368 1217 ἐν
397 1147 487 1243 αὐτῷ
515 1152 676 1237 μονάδας·
715 1155 805 1218 ἐστιν
834 1149 900 1240 άρα
927 1149 973 1230 ὥς
1000 1147 1022 1236 ἡ
1047 1150 1159 1237 μονάς

85 1269 118 1317 10
136 1253 219 1344 πρὸς
231 1254 292 1323 τὸν
308 1261 347 1340 Γ,
363 1253 381 1323 5
396 1265 430 1322 A
443 1254 527 1342 πρὸς
540 1256 601 1324 τὸν
611 1266 653 1323 Α,
687 1252 761 1324 ἀλλ’
778 1253 824 1336 ὥς
837 1253 857 1343 ἡ
872 1257 979 1345 μονάς
992 1260 1080 1344 πρὸς
1096 1256 1160 1326 τὸν

135 1369 178 1448 Γ,
208 1359 226 1429 5
249 1368 281 1429 Γ
299 1359 384 1446 πρὸς
406 1361 468 1428 τὸν
492 1370 538 1428 A·
575 1362 630 1427 καὶ
654 1358 699 1440 ὥς
723 1360 789 1448 άρα
812 1359 832 1448 ἡ
856 1360 960 1448 μονὰς
984 1361 1070 1451 πρὸς
1094 1363 1158 1432 τὸν

135 1475 172 1553 Γ,
198 1466 304 1544 οὕτως
323 1463 341 1533 5
361 1473 393 1533 Γ
411 1465 495 1552 πρὸς
517 1466 578 1534 τὸν
597 1476 630 1533 Δ
652 1468 708 1533 καὶ
732 1465 750 1534 5
772 1476 805 1534 A
826 1467 910 1557 πρὸς
932 1466 992 1536 τὸν
1007 1477 1048 1536 Α.
1092 1472 1179 1556 τῆς

135 1571 201 1656 άρα
224 1572 372 1657 μονάδος
394 1572 449 1638 καὶ
472 1576 533 1639 τοῦ
548 1582 580 1639 A
603 1570 754 1660 άριδμοῦ
778 1573 841 1642 δύο
865 1577 960 1662 μέσοι
981 1572 1160 1661 άνάλογον

135 1676 217 1744 κατά
241 1675 278 1744 τὸ
304 1677 440 1765 συνεχὲς
464 1678 715 1765 ἐμπεπτώκασιν
738 1680 879 1767 ἀριθμοὶ
904 1684 940 1748 ολ
955 1687 994 1766 Γ,
1014 1688 1058 1749 A.
1095 1682 1160 1749 πά-

83 1797 116 1847 ισ
136 1790 206 1869 λιν,
230 1784 299 1851 ἐπεὶ
324 1783 342 1852 5
367 1793 399 1850 A
423 1783 543 1854 ἑαυτὸν
566 1786 858 1866 πολλαπλασιάσας
880 1785 940 1854 τὸν
964 1793 993 1853 Β
1016 1793 1161 1874 πεποίη-

135 1916 204 1976 κεν,
229 1888 248 1958 ὁ
272 1899 304 1958 A
326 1889 394 1980 άρα
416 1892 476 1960 τὸν
499 1900 528 1960 Β
552 1906 666 1979 μετρεῖ
685 1891 768 1960 κατὰ
792 1892 851 1972 τὰς
875 1895 911 1960 ἐν
935 1889 1025 1984 αὑτῷ
1050 1894 1161 1980 μονά-

136 2000 205 2076 δας.
237 2011 350 2086 μετρεῖ
371 1998 409 2066 δδ
431 1999 488 2065 καὶ
510 1996 531 2085 ἡ
557 1996 664 2085 μονάς
687 1997 747 2066 τὸν
766 2009 799 2066 A
819 1997 902 2067 κατά
926 1997 986 2077 τάς
1005 2001 1042 2066 ἐν
1062 1997 1160 2092 αὐτῷ

136 2102 298 2189 μονάδας·
332 2109 423 2172 ἐστιν
452 2103 518 2192 άρα
546 2102 591 2185 ὡς
618 2102 639 2191 ἡ
667 2103 774 2191 μονάς
801 2103 884 2192 πρὸς
911 2103 971 2172 τὸν
1000 2113 1047 2190 Α,
1080 2102 1099 2173 5
1127 2116 1162 2174 A

138 2209 1161 2298 AQmRQAWQmmAmmm

83 2329 119 2378 20
138 2312 309 2400 άνάλονον
334 2318 587 2402 ἐμπεπτώκασιν
610 2313 849 2403 άρνθμοί··καὶ
872 2321 940 2384 τῶν
965 2325 1013 2401 Α,
1037 2323 1066 2383 Β
1090 2315 1162 2402 άρα

137 2421 200 2488 δύο
224 2423 319 2507 μέσοι
338 2419 508 2508 άνάλογον
527 2425 749 2509 ἐμπεσοῦνται
769 2421 917 2510 άριδμοί.
952 2420 1012 2490 ἐάν
1032 2421 1071 2489 δὲ
1091 2424 1161 2492 δύο

136 2525 295 2614 ἀριθμῶν
320 2526 383 2596 δύο
408 2529 504 2614 μέσοι
527 2526 695 2615 άνάλογον
719 2531 935 2615 ἐμπίπτωσιν,
962 2528 980 2596 5
1004 2527 1042 2595 δὲ
1066 2534 1161 2616 πρῶ-

135 2661 192 2714 τος
218 2636 322 2719 κύβος
344 2626 383 2723 ᾗ,
413 2635 469 2702 καὶ
493 2632 511 2702 5
536 2637 692 2721 δεύτερος
714 2636 819 2720 κύβος
841 2639 940 2702 ἐσται
984 2639 1042 2702 καί
1064 2636 1162 2703 ἐστιν

137 2737 155 2806 5
183 2749 215 2806 A
247 2741 363 2824 κύβος·
409 2740 465 2806 καὶ
499 2736 517 2807 5
550 2747 574 2806 Β
603 2738 669 2825 άρα
698 2739 801 2825 κύβος
833 2741 937 2806 ἐστίν·
971 2737 1053 2828 ὅπερ
1088 2745 1161 2810 ἔδει

84 2847 253 2924 QMQ

623 2970 665 3036 δ’.

202 3089 288 3160 ῗΕὰν
323 3093 443 3178 κύβος
480 3088 654 3178 ἀριθμὸς
690 3092 815 3176 κύβον
853 3087 1028 3179 ἀριθμὸν
1065 3100 1162 3160 πολ-

209 3296 233 3343 1.
253 3290 390 3357 πεποίηκε
410 3288 471 3355 Ῠφ.
546 3293 571 3341 2.
590 3287 727 3354 πεποίηκε
747 3286 808 3354 th.
883 3281 959 3356 ὁΓ]
987 3287 1088 3355 postea
1112 3287 1158 3343 in·
1192 3274 1220 3303 ⁸

137 3361 201 3412 sert.
222 3360 251 3411 Β.
308 3365 332 3413 5.
352 3355 415 3430 τόν]
435 3375 490 3414 om.
509 3356 540 3412 Β.
578 3352 667 3419 ούτας
687 3353 702 3410 5
721 3355 752 3412 B.
808 3363 832 3411 6.
851 3351 910 3425 τόν]
931 3356 1031 3426 (prius)
1051 3374 1104 3412 om.
1123 3358 1159 3415 Β.

138 3435 161 3484 7.
182 3428 224 3498 A]
244 3444 300 3495 seq.
319 3446 373 3483 ras.
394 3435 408 3482 1
428 3430 484 3483 litt.
504 3449 535 3496 φ.
592 3435 633 3483 13.
653 3427 702 3482 καὶ
720 3427 788 3514 τοῦ]
806 3427 849 3482 bis
865 3448 895 3496 φ,
915 3428 965 3481 sed
985 3443 1054 3482 corr.
1112 3435 1158 3485 18.

138 3494 227 3560 οὕτως
248 3492 263 3549 5
281 3499 311 3552 B.
370 3506 410 3554 19.
426 3495 487 3570 τόν]
508 3516 562 3554 om.
582 3499 613 3553 Β.
669 3505 711 3553 20.
731 3492 879 3566 άναλωνον
898 3518 928 3565 φ.
968 3493 1089 3569 ἀριθμοὶ
1109 3497 1160 3569 ἐμ·
