2446 3938
349 223 641 277 nnnunnronuu
658 227 767 277 umus
784 228 831 279 rx.
1050 225 1117 290 353
1214 285 1216 288 Α

100 363 193 448 item,
216 361 303 448 qui¹)
327 386 392 431 uno
411 365 483 430 loco
507 368 643 453 distant,
672 372 806 453 quartus
830 373 940 434 autem
960 371 1059 435 cubus
1085 376 1118 436 et

110 469 189 534 item
218 492 342 556 omnes,
375 472 555 559 quicunque
584 475 709 542 duobus
739 477 819 541 locis
853 477 987 561 distant,
1019 479 1118 563 septi-

107 598 179 641 mus
203 598 281 641 uero
305 577 401 642 simul
425 583 457 643 et
485 583 585 646 cubus
614 585 647 646 et
674 583 851 668 quadratus
881 587 914 648 ot
940 583 1032 668 item,
1062 586 1119 668 qui

111 683 253 767 quinque
276 685 355 748 locis
379 685 512 752 distant.

173 786 245 853 Sint
281 789 442 873 quotlibet
472 795 598 858 numeri
629 795 705 858 inde
739 797 780 860 ab
813 796 937 860 unitate
968 795 1117 879 deinceps

533 900 794 984 proportionales
823 908 869 985 A,
889 906 932 985 Β,
951 905 992 986 Γ,
1014 907 1060 985 Δ,
1080 907 1119 986 Β,

535 1013 570 1072 Ζ.
618 1007 699 1092 dico,
722 1008 858 1071 tertium
883 1008 923 1072 ab
943 1007 1066 1072 unitate
1090 1011 1118 1071 Β

535 1113 730 1198 quadratum
749 1135 819 1178 esse
840 1117 872 1178 et
894 1115 975 1178 item
998 1137 1118 1197 omnes,

533 1221 713 1304 quicunque
724 1210 787 1285 uiro
797 1222 869 1285 loco
881 1219 1011 1302 distent,
1022 1243 1117 1304 quar-

457 1375 460 1410 ,
532 1332 603 1390 tum
636 1330 744 1391 autem
772 1329 805 1391 Γ
830 1327 948 1390 cubum
976 1330 1009 1390 et
1035 1327 1117 1401 item

480 1465 517 1553 2¹
537 1454 662 1517 ornnes,
686 1434 869 1518 quicunque
894 1433 1018 1496 duobus
1038 1433 1117 1497 locis

110 1643 177 1704 mul
212 1646 244 1706 et
282 1645 399 1708 cubum
432 1649 465 1708 et
496 1645 690 1729 quadratum
728 1649 761 1709 et
791 1647 871 1710 item
900 1667 1025 1730 omnes,
1054 1646 1122 1730 qui·

108 1767 233 1830 cunque
265 1749 407 1833 quinque
446 1751 526 1814 locis
562 1750 689 1814 distent.
747 1773 824 1814 nam
871 1751 1025 1834 quonism
1071 1756 1122 1816 est

110 1852 198 1915 l:A
213 1882 255 1905 =
269 1859 323 1916 A:
338 1857 380 1936 Β,
408 1856 516 1918 unitas
546 1876 715 1919 numerum
739 1861 771 1917 A
795 1858 827 1917 et
849 1861 881 1916 A
903 1861 1120 1921 numerumB

111 1958 292 2042 aequaliter
310 1960 444 2023 metitur
464 1958 541 2040 [VII
560 1960 621 2024 def.
640 1961 707 2040 20].
749 1961 805 2024 sed
824 1959 931 2024 unitas
950 1983 1121 2026 numerum

110 2071 143 2128 A
167 2064 342 2129 secundum
364 2065 507 2130 unitates
530 2067 631 2148 ipsius
654 2065 796 2130 metitur.
844 2087 943 2148 quare
966 2068 1065 2131 etiam
1089 2074 1122 2132 A
1144 2123 1145 2129 ,

111 2193 281 2235 numerum
313 2175 342 2234 Β
375 2172 550 2277 secunduqr
577 2155 724 2236 unitates
757 2171 885 2235 numeri
916 2176 949 2234 A
980 2172 1121 2237 metitur.

111 2278 221 2363 itaque
245 2277 323 2360 [VII
343 2277 403 2342 def.
425 2278 480 2370 15]
504 2284 536 2342 A
550 2292 593 2346 ><
608 2284 639 2342 A
654 2309 696 2331 =
711 2282 749 2343 Β.
796 2298 873 2363 ergo
897 2281 926 2340 Β
945 2277 1121 2361 quadratus

113 2389 171 2450 est.
208 2389 241 2448 et
260 2386 414 2468 quoniam
432 2389 470 2468 B,
488 2387 525 2467 Γ,
541 2390 574 2448 Δ
588 2385 738 2467 deinceps
758 2383 1019 2467 proportionales
1039 2388 1123 2468 sunt,

111 2494 144 2555 et
167 2495 194 2554 Β
220 2491 396 2574 quadratus
417 2494 475 2574 est,
499 2492 598 2555 etiam
618 2496 651 2555 Δ
670 2490 847 2574 quadratus
868 2492 918 2553 est
937 2489 1040 2574 [VIIL
1055 2491 1122 2574 22].

111 2598 223 2662 eadem
256 2597 294 2661 de
323 2619 420 2662 causa
452 2598 550 2661 etium
585 2602 612 2661 Z
645 2597 820 2681 quadratus
858 2599 916 2662 est.
972 2597 1121 2662 similiter

112 2704 418 2782 demonstrabimus
447 2704 547 2767 etiam
576 2726 702 2788 omnes,
735 2703 917 2787 quicunque
951 2725 1015 2767 uno
1048 2705 1120 2768 loco

111 2809 245 2893 distent,
273 2810 449 2892 quadratos
477 2831 557 2875 esse.
589 2811 669 2885 ¹ism
692 2809 779 2892 dice,
807 2811 959 2892 quartum
988 2810 1028 2872 ab
1052 2808 1122 2873 uni·

110 2918 179 2978 tate
202 2917 235 2979 Γ
258 2915 374 2980 cubum
398 2937 467 2979 esse
492 2920 524 2980 et
547 2916 626 2980 item
646 2937 766 2998 omnes,
791 2915 973 2997 quicunque
997 2913 1122 2977 duobus

111 3021 191 3085 locis
221 3021 351 3085 distent.
396 3043 472 3085 nam
503 3021 656 3105 quonium
685 3024 735 3086 est
765 3022 852 3084 l:A
867 3051 910 3072 =
923 3024 952 3083 Β
967 3043 975 3083 :
990 3022 1031 3103 Γ,
1054 3019 1124 3082 uni-

111 3129 162 3193 tas
181 3149 352 3192 numerum
375 3133 406 3191 A
430 3131 462 3192 et
485 3132 513 3191 Β
537 3149 706 3192 numerum
730 3129 762 3192 Γ
782 3126 961 3210 aequaliter
980 3124 1123 3190 metitur.

184 3341 210 3407 1)
231 3336 301 3391 Cum
332 3331 436 3398 πάντες
464 3339 531 3406 post
562 3338 755 3396 διαλείποντες
785 3334 923 3390 facillime
954 3333 1122 3389 intercidere

112 3408 246 3478 potuerit,
264 3424 315 3462 noc
333 3408 363 3461 in
380 3408 434 3462 hoc
452 3407 590 3462 uocabulo
609 3407 655 3460 uel
674 3404 830 3461 omittendo
846 3405 892 3460 uel
910 3407 1041 3475 ponendo
1056 3422 1121 3460 con-

115 3482 192 3533 stans
211 3479 249 3532 eit
272 3478 399 3532 codicum
416 3479 439 3532 P
458 3479 487 3532 et
505 3476 711 3533 Theoninornm
730 3493 880 3531 consensus
903 3479 954 3531 sut
971 3477 1122 3544 dissensus,

112 3549 231 3603 fortasse
250 3546 354 3611 πάντες
372 3549 477 3618 ubique
494 3549 694 3620 recipiendum.

164 3645 315 3700 Euclides,
330 3647 380 3688 odd.
393 3648 495 3698 Heibeng
509 3651 531 3688 ot
546 3648 634 3697 Menae.
661 3649 694 3688 11.
929 3642 963 3691 23

534 1538 671 1623 distent,
700 1539 874 1624 septimum
904 1560 982 1604 uero
1018 1543 1045 1602 Z
1079 1540 1119 1603 si·
1214 1537 1216 1541 ⁴
