2446 3938
139 201 180 266 76
516 201 717 257 ΣΤΟῙΧΕΙΩΝ
736 197 776 254 5'.

137 349 242 412 ΑΘΓ
269 348 450 431 τρίγωνον,
483 346 542 429 τῆς
574 341 612 410 δὲ
638 348 701 410 ΓΔ
727 340 857 427 βάσεως
883 341 939 408 καὶ
965 343 1028 409 τοῦ
1046 347 1162 411 ΑΔΓ
1188 346 1197 361 ’

138 448 306 535 τριγώνου
333 447 434 533 ἄλλα,
462 446 483 516 ά
512 453 642 536 ἔτυχεν,
672 447 780 527 ἰσάκις
807 446 1038 516 πολλαπλάσια
1066 448 1090 534 ἥ
1117 474 1156 518 τε
1184 488 1189 499 ·

140 561 208 624 ΛΓ
227 555 324 641 βάσις
340 555 397 623 καὶ
414 556 453 624 τὸ
477 560 583 623 ΑΛΓ
601 560 782 641 τρίγωνον·
809 553 865 621 καὶ
889 555 1065 640 δέδεικται,
1090 552 1157 641 ὅτι,

140 666 171 729 εί
199 659 350 751 ὑπερέχει
382 658 403 749 ἡ
437 669 502 731 ΘΓ
528 661 627 748 βάσις
653 664 712 747 τῆς
738 666 798 728 ΓΛ
826 660 969 746 βάσεώς,
1000 656 1156 748 ὑπερέχει

105 768 195 841 ικαὶ
222 767 260 836 τὸ
289 773 392 836 ΑΘΓ
413 775 580 857 τρίγωνον
607 771 669 834 τοῦ
697 772 803 834 ΑΛΓ
825 766 1010 856 τριγώνου,
1041 766 1099 834 καὶ
1123 770 1158 836 εἰ

141 883 212 961 ἴση,
238 883 329 960 ἴσον,
351 875 407 941 καὶ
430 879 461 941 εἰ
483 873 650 957 ἐλάσσων,
674 877 831 940 ἔλασσον·
859 878 949 965 ἔστιν
973 871 1038 960 άρα
1062 869 1153 960 ώςὴ

140 970 207 1049 ΒΓ
238 981 336 1068 βάσις
372 981 456 1069 πρὸς
491 979 553 1066 τὴν
584 975 665 1047 ΓΔ
686 979 802 1065 βάσιν,
840 977 947 1058 οὕτως
983 979 1020 1048 τὸ
1053 984 1185 1065 ΑΒΓ,

140 1093 307 1176 τρίγωνον
330 1086 414 1174 πρὸς
436 1085 474 1154 τὸ
498 1092 603 1154 ΑΓΔ
624 1092 800 1172 τρίγωνον.
868 1088 873 1093 ’

209 1195 278 1261 Καὶ
302 1194 370 1262 ἐπεὶ
392 1197 454 1261 τοῦ
479 1191 541 1279 μὲν
564 1198 667 1259 ΑΒΓ
685 1191 853 1278 τριγώνου
881 1190 1061 1261 διπλάσιόν
1084 1192 1158 1260 ἐστι

91 1324 123 1374 10
142 1299 180 1370 τὸ
211 1307 277 1369 ΕΓ
299 1298 663 1388 παραλληλόγραμμον,
694 1301 756 1366 τοῦ
789 1297 826 1366 δὲ
858 1304 958 1366 ΑΓΔ
988 1299 1159 1388 τριγώνου

143 1405 323 1474 διπλάσιόν
360 1406 429 1473 ἐστι
465 1403 502 1472 τὸ
540 1411 607 1473 ΖΓ
638 1403 1004 1492 παραλληλόγραμμον,
1039 1405 1079 1474 τά
1119 1405 1158 1474 δὲ

143 1514 226 1599 μέρη
259 1525 329 1591 τοῖς
361 1509 519 1591 ώσαώτοις
554 1517 816 1590 πολλαπλασίοις
850 1509 911 1580 τὸν
948 1509 1053 1580 αὐτὸν
1090 1517 1160 1600 ἔχει

143 1618 263 1704 λόγον,
302 1623 392 1685 ἔστιν
425 1615 490 1705 ἄρα
527 1615 572 1697 ώς
608 1617 646 1686 τὸ
675 1623 779 1685 ΑΒΓ
805 1623 974 1705 τρίγωνον
1002 1618 1087 1707 πρὸς
1117 1619 1175 1689 τὸ’

144 1730 244 1792 ΑΓΔ
275 1730 457 1811 τρίγωνον,
495 1725 602 1804 οὕτως
637 1723 675 1792 τὸ
713 1729 779 1792 ΕΓ
806 1724 1161 1812 παραλληλόγραμμον

93 1853 125 1902 15
145 1829 228 1918 πρὸς
255 1829 292 1898 τὸ
322 1837 386 1898 ΖΓ
408 1829 767 1920 παραλληλόγραμμον.
819 1830 889 1898 ἐπεὶ
917 1822 981 1898 οὖν
1010 1832 1160 1919 ἐδείχθη,

146 1934 190 2016 ώς
222 1936 283 2024 μὲν
311 1934 331 2023 ἡ
355 1942 423 2004 ΒΓ
440 1937 539 2024 βάσις
566 1937 650 2026 πρὸς
672 1936 735 2025 τὴν
758 1942 835 2024 ΓΔ,
867 1937 974 2016 οὕτως
996 1935 1034 2005 τὸ
1058 1943 1167 2006 ΑΒΓ

145 2048 312 2130 τρίγωνον
334 2041 417 2132 πρὸς
444 2041 483 2111 τὸ
516 2050 617 2112 ΑΓΔ
643 2050 827 2130 τρίγωνον,
858 2039 903 2121 ώς
931 2042 969 2112 δὲ
995 2041 1034 2111 τὸ
1057 2050 1166 2112 ΑΒΓ

145 2155 312 2236 τρίγωνον
344 2149 428 2239 πρὸς
466 2148 504 2218 τὸ
538 2156 641 2218 ΑΓΛ
672 2154 854 2237 τρίγωνον,
887 2148 993 2228 οὕτως
1024 2147 1062 2217 τὸ
1095 2157 1167 2219 ΒΓ

147 2257 495 2344 παραλληλόγραμμον
522 2256 607 2341 πρὸς
634 2253 671 2322 τὸ
700 2261 760 2323 ΓΖ
792 2255 1159 2344 παραλληλόγραμμον,

93 2383 127 2433 20
146 2365 201 2431 καὶ
226 2362 271 2443 ώς
294 2364 360 2453 άρα
382 2362 403 2450 ἡ
427 2368 493 2430 ΒΓ
511 2361 609 2448 βάσις
631 2359 715 2450 πρὸς
736 2361 799 2448 τὴν
822 2367 885 2429 ΓΛ
907 2363 1023 2449 βάσιν,
1052 2363 1164 2445 οὕτως

146 2468 184 2538 τὸ
209 2476 275 2539 ΕΓ
300 2467 648 2558 παραλληλόγραμμον
676 2466 760 2557 πρὸς
786 2465 824 2536 τὸ
858 2475 922 2536 ΖΓ
950 2469 1162 2556 παραλληλό-

146 2602 310 2665 νονννον·

219 2682 266 2750 Τά
305 2680 370 2766 άρα
407 2683 554 2766 τρίγωνα
590 2680 645 2746 καὶ
680 2677 722 2746 τά
754 2681 1083 2770 παραλληλόγραμμα
1120 2683 1163 2750 τά

148 2786 214 2856 ὑπὸ
247 2786 285 2853 τὸ
319 2783 400 2852 αὐτὸ
434 2785 521 2865 ὕψος
549 2783 631 2852 ὄντα
659 2785 742 2874 πρὸς
772 2785 899 2874 άλληλά
931 2790 1021 2857 ἐστιν
1051 2785 1097 2868 ώς
1127 2792 1167 2856 αλ

96 2910 129 2960 25
150 2892 277 2978 βάσεις·
302 2891 383 2979 ὅπερ
407 2895 474 2958 ἔδει
496 2893 613 2972 δεῖξαι.

214 3193 302 3262 Ἐάν
343 3193 546 3281 τριγώνου
587 3193 689 3279 παρὰ
732 3199 825 3280 μίαν
861 3199 939 3263 τών
980 3202 1167 3286 πλευρῶν

149 3303 251 3389 ἀχθῇ
276 3327 334 3380 τις
358 3296 513 3386 εὐθεῖα,
537 3299 738 3386 ἀνάλογον
761 3314 873 3387 τεμεῖ
893 3300 961 3381 τάς
982 3306 1053 3370 τοῦ
1082 3331 1167 3389 τρι-

222 3485 246 3532 2.
266 3472 303 3548 ά]
325 3495 410 3548 supra,
429 3477 458 3532 F.
546 3478 735 3548 3.ΑΓ]ΓΑ
755 3477 785 3534 Ρ.
873 3485 897 3532 4.
925 3480 989 3551 ΓΑ]
1013 3480 1086 3536 Ain
1109 3499 1167 3541 rae.

149 3549 267 3616 m.2P;
286 3552 343 3602 ΑΓ
358 3549 388 3602 F.
463 3555 487 3604 6.
508 3548 565 3618 ἴση]
581 3550 642 3602 ἴσον
657 3547 690 3615 Β,
705 3548 773 3616 etF,
790 3565 858 3605 corr.
873 3568 909 3606 m.
926 3557 951 3606 2.
1025 3548 1168 3627 ἐλάσσων]
