2446 3938
507 208 695 261 APPENDIX.
1044 207 1108 272 437

101 352 133 414 Γ
152 380 192 401 =
215 351 281 414 213.
336 353 386 414 asi
418 353 527 416 auiam
560 352 658 416 eiiam
689 355 722 414 A
742 383 783 404 =
803 353 869 416 3Γ.
915 353 977 416 erit
1008 352 1110 438 igitur

101 461 133 520 A
153 487 194 509 =
214 457 279 521 6B.
329 457 384 522 sed
418 458 660 543 supposuimus,
695 480 765 523 esse
795 464 827 522 A
849 489 892 511 =
918 459 990 537 2133
1024 460 1109 543 quod

102 562 278 628 absurdum
309 567 367 629 est.
414 585 490 650 ergo
518 586 586 630 non
620 565 682 629 erit
717 568 750 629 Γ
775 595 816 617 --
845 565 908 628 23.
960 567 1110 630 similiter

101 669 406 754 demonstrabimus,
438 693 478 736 ne
507 672 604 737 aliam
637 671 766 757 quidem
798 673 956 738 rarionem
990 673 1109 738 habere

101 777 194 841 Bad
216 781 249 841 Γ
267 782 396 861 prasier
419 779 507 844 2:3.

535 974 595 1058 ur,
619 977 670 1040 22.

168 1099 230 1165 Uel
263 1099 361 1164 etiam
392 1100 452 1164 iia:
487 1101 639 1184 quoniam
671 1105 735 1165 AB
768 1100 873 1185 impar
901 1103 963 1178 est,
997 1100 1038 1164 ab
1071 1122 1108 1165 eo

103 1206 267 1271 auferatur
289 1207 397 1272 unitas
421 1210 491 1271 ZB.
532 1206 642 1291 itaqua
665 1208 720 1291 qui
743 1207 945 1292 relinquiiur,
968 1213 999 1269 A
1006 1210 1032 1270 Z
1050 1229 1109 1290 par
1187 1198 1191 1203 ’

102 1318 160 1380 esi.
210 1335 320 1379 rursus
353 1313 505 1398 quoniam
532 1316 598 1378 ΒΓ
626 1315 731 1397 impar
761 1317 823 1396 esi,
856 1317 889 1377 ei
920 1313 1029 1378 uniias
1060 1317 1110 1378 est

103 1425 178 1506 ZB,
196 1444 255 1506 par
279 1423 328 1487 asi
351 1423 419 1486 ΖΓ.
465 1442 578 1485 uerum
601 1421 699 1486 eiiam
724 1426 787 1486 ΑΖ
810 1442 871 1506 par
898 1423 954 1486 est.
999 1420 1108 1504 itaque

32 1587 36 1595 .
102 1532 200 1593 etiam
226 1532 315 1594 totus
344 1531 414 1594 ΑΓ
436 1550 495 1612 par
518 1531 569 1592 esi
592 1527 666 1613 [IX,
690 1530 758 1610 21].
805 1528 916 1594 eadem
945 1528 984 1592 ds
1012 1549 1109 1592 causa

102 1635 200 1700 etiam
232 1638 297 1699 ΓΕ
326 1657 385 1718 par
414 1640 481 1714 est..
519 1656 595 1719 ergo
629 1637 728 1701 etiam
759 1639 848 1700 totus
874 1639 943 1700 ΑΕ
971 1657 1031 1720 par
1061 1637 1111 1698 esi

175 2152 200 2220 1)
220 2151 260 2204 De
279 2151 368 2220 figura
387 2152 435 2206 afr.
455 2151 506 2220 IX,
526 2155 568 2203 22.

155 3647 306 3702 Euclides,
321 3650 370 3690 add.
385 3646 487 3696 Hoibarg
501 3647 524 3685 at
537 3643 626 3692 Manga.
644 3643 675 3682 H.
881 3625 951 3682 28³⁸*
