2446 3938
379 183 780 238 uuauauuoauuumaa
797 186 858 240 un.
916 210 919 215 -
1060 183 1124 250 211

110 329 181 392 ΓΔ.
233 328 289 393 sad
316 330 395 392 MK
409 328 449 407 -Ι-
465 329 535 390 ΝΘ
548 357 590 379 =
606 326 701 412 EB1)
726 333 759 392 et
781 331 854 393 ΘΗ
863 359 905 382 =
919 333 994 395 BA.
1047 350 1125 415 ergo
1161 392 1165 399 .

112 433 211 499 eliam
239 433 383 517 reliquus
411 435 475 497 ΕΒ
503 433 619 516 reliqui
648 437 714 497 ΖΔ
743 433 874 498 eaedem
905 439 1015 517 parles
1040 441 1126 522 sunt,-

110 561 193 625 quae
215 543 307 606 telus
329 543 394 604 AB
413 539 515 604 totius
534 541 610 622 ΓΔ,
634 539 719 623 qued
739 544 810 606 eral
829 540 1124 610 demonstrandum.

586 732 643 798 IX.

178 839 213 906 si
231 862 385 914 numerus
403 841 530 906 numeri
548 860 624 925 pars
644 844 694 905 esl
712 844 746 904 el
764 841 848 906 aliua
867 863 1020 907 numerus
1040 844 1125 910 alius

108 948 236 1012 numeri
256 947 368 1014 eadam
387 969 474 1032 pars,
497 947 597 1012 eliam
620 948 842 1032 permutatim,
867 969 949 1033 quae
971 970 1048 1032 pars
1070 951 1124 1015 uel

107 1057 219 1137 parles
246 1054 372 1138 primus
400 1057 451 1119 eal
477 1053 583 1137 tertii,
612 1053 724 1118 eadem
753 1075 830 1137 pars
853 1054 906 1119 uel
929 1059 1038 1138 parles
1062 1056 1125 1120 erit

109 1159 267 1224 secundus
292 1160 408 1246 quarti.

174 1264 261 1331 Nam
284 1287 437 1330 numerus
461 1271 493 1329 A
514 1265 641 1330 numeri
664 1267 732 1329 ΒΓ
749 1287 825 1348 pars
850 1266 906 1350 sil,
930 1270 963 1331 el
986 1268 1069 1332 alius
1090 1272 1124 1330 A

109 1372 191 1437 alius
215 1372 342 1436 numeri
365 1375 428 1436 EZ
449 1371 561 1436 eadem
579 1392 655 1455 pars
677 1372 730 1454 sil,
754 1393 837 1456 quae
855 1377 888 1436 A
905 1372 1034 1437 numeri
1052 1375 1123 1439 ΒΓ.

108 1479 192 1561 dieo,
217 1479 316 1544 eliam
339 1479 550 1563 permutatim
568 1499 739 1542 numerum
760 1481 827 1544 ΒΓ
841 1479 976 1544 eandem
992 1482 1123 1564 perlem

106 1587 160 1650 uel
182 1588 292 1670 partes
316 1605 387 1648 esse
410 1576 537 1648 numeri
560 1587 637 1668 EZ,
665 1605 746 1668 quae
769 1605 845 1668 pars
869 1585 922 1650 uel
944 1589 1054 1670 parles
1078 1587 1122 1651 sil

105 1697 138 1756 A
160 1692 285 1756 numeri
309 1695 352 1759 A.

172 1796 259 1863 Nam
278 1796 430 1882 quoniam
451 1817 532 1880 quae
552 1818 628 1880 pars
647 1801 697 1860 est
715 1802 747 1861 A
765 1798 892 1862 numeri
910 1800 984 1880 ΒΓ,
1009 1798 1122 1864 eadem

428 1905 478 1967 eat
502 1907 536 1965 A
558 1902 685 1965 numeri
708 1906 780 1985 EZ,
803 1906 883 1986 quel
907 1905 1036 1968 suntin
1058 1907 1127 1969 ΒΓ

319 1965 363 2081 lE
426 2007 552 2072 numeri
574 2028 710 2071 numero
734 2014 767 2071 A
791 2009 953 2092 aequales,
981 2009 1120 2074 tolidem

246 2269 265 2279 -
318 2243 364 2295 -Θ
426 2222 483 2286 lea.
531 2220 695 2285 diuidatur
722 2223 791 2286 ΒΓ.
812 2220 847 2284 in
869 2241 1021 2285 numeros
1042 2224 1121 2306 BH,

425 2330 497 2392 ΗΓ
520 2349 653 2393 numero
685 2332 716 2392 A
740 2327 900 2412 aequales,
924 2329 986 2390 ΕΖ
1009 2331 1120 2391 aulem

424 2435 460 2499 in
478 2438 551 2516 ΕΘ,
570 2438 631 2498 ΘΖ
649 2456 784 2498 numero
804 2438 838 2498 A
856 2433 1015 2517 aequales.
1060 2433 1120 2497 ita-

425 2563 486 2627 que
510 2539 684 2606 mulliludo
713 2561 923 2605 numerorum
950 2542 1033 2624 ΒΗ,
1052 2543 1123 2603 ΗΓ

103 2646 306 2711 multitudini
324 2668 533 2714 numerorum
551 2651 625 2729 ΕΘ,
640 2649 701 2710 ΘΖ
721 2645 865 2731 aequalis
885 2648 943 2710 eal.
989 2649 1022 2710 el
1041 2667 1118 2730 quo-

101 2753 191 2816 niam
206 2754 279 2815 BH
285 2780 326 2803 =
336 2754 410 2816 ΗΓ
419 2756 452 2816 el
466 2757 529 2817 ΕΘ
539 2783 580 2806 =
591 2756 661 2836 ΘΖ,
675 2754 708 2816 el
721 2752 895 2818 mullitudo
909 2773 1118 2817 numerorum

265 2382 291 2430 A

195 2076 216 2125 B
427 2115 526 2180 eliam
550 2114 585 2178 in
608 2118 671 2178 ΕΖ
697 2117 773 2178 sunt
796 2134 930 2178 numero
946 2118 980 2176 A
1003 2135 1119 2198 aequa·

102 2099 194 2553 ll

194 2523 220 2572 Γ

175 2925 202 2990 1)
222 2921 295 2975 uam
320 2925 1118 2998 uu÷Mu÷aN÷Ne=Al÷la÷aa

103 2997 131 3048 et
149 2997 263 3047 uu=
277 2998 342 3062 ΑΛ,
360 2997 470 3049 au=
485 2997 546 3052 ΕΛ.

102 3155 192 3228 ἔσται]
213 3150 270 3210 ἔστι
289 3170 379 3244 comp.
397 3173 425 3224 p.
482 3162 522 3210 11.
542 3157 611 3210 Post
629 3154 697 3210 ἔστω
718 3156 781 3210 add.
800 3155 838 3210 V:
858 3151 876 3223 ἢ
895 3151 930 3210 τὰ
950 3149 1024 3209 αὐτὰ
1045 3153 1116 3224 μέρη

101 3229 212 3298 punctis
232 3227 286 3282 del.
325 3244 409 3296 μερος
428 3221 505 3280 ἔσται
524 3245 552 3296 p.
609 3231 650 3280 13.
669 3224 736 3280 Post
753 3230 809 3280 ΒΓ
824 3227 888 3280 add.
907 3225 999 3294 BVp,
1018 3225 1039 3279 F
1059 3243 1115 3296 mg.

100 3318 137 3356 m.
156 3306 186 3353 2:
206 3293 328 3354 ἐλάττων
347 3297 379 3355 δὲ
400 3294 469 3352 ἔστω
489 3293 546 3352 ὂΑ
564 3297 616 3351 τοῦ
635 3302 661 3351 Δ
680 3298 716 3365 (A
734 3295 836 3352 iuras.
855 3315 891 3352 m.
914 3302 927 3350 1
947 3295 991 3424 B).
1082 3295 1115 3370 ὅ]

101 3387 184 3438 supra
207 3365 224 3424 ὅ
247 3387 299 3426 ser.
323 3362 394 3438 ὅπερ
417 3388 456 3427 m.
479 3376 493 3423 1
513 3387 541 3438 p.
629 3373 670 3423 14.
691 3363 766 3422 ἐστίν
785 3368 814 3423 F.
902 3373 944 3425 11.
979 3370 1038 3424 στίν
1056 3369 1115 3424 PF.

103 3442 168 3513 καί]
189 3459 243 3498 om.
262 3442 293 3499 P.
368 3447 408 3496 18.
430 3440 500 3496 εἰσιν
519 3440 578 3495 PB.
652 3445 694 3494 21.
716 3437 806 3512 ἔσται]
827 3435 888 3496 ἐστί
898 3440 934 3510 F,
953 3457 1022 3497 corr.
1038 3460 1074 3494 m.
1090 3445 1116 3496 2,

136 3518 179 3568 24.
199 3512 269 3568 εἰσίν
288 3513 317 3570 Ρ.
391 3514 463 3584 ΕΘ]
483 3515 535 3567 ΕΖ
553 3530 580 3582 p.

899 3599 954 3655 14*
