<?xml version="1.0" encoding="UTF-8"?>
<!DOCTYPE html PUBLIC "-//W3C//DTD XHTML 1.0 Transitional//EN"
    "http://www.w3.org/TR/xhtml1/DTD/xhtml1-transitional.dtd">
<html xmlns="http://www.w3.org/1999/xhtml" xml:lang="en" lang="en">
 <head>
  <title>
</title>
<meta http-equiv="Content-Type" content="text/html;charset=utf-8" />
  <meta name='ocr-system' content='tesseract 3.04.00' />
  <meta name='ocr-capabilities' content='ocr_page ocr_carea ocr_par ocr_line ocrx_word'/>
</head>
<body>
  <div class='ocr_page' id='page_1' title='image "./euclidisoperaom19unkngoog_0119.png"; bbox 0 0 2446 3938; ppageno 0'>
   <div class='ocr_carea' id='block_1_1' title="bbox 135 189 770 260">
    <p class='ocr_par' dir='ltr' id='par_1_1' title="bbox 135 189 770 260">
     <span class='ocr_line' id='line_1_1' title="bbox 135 189 770 260; baseline 0.002 -14"><span class='ocrx_word' id='word_1_1' title='bbox 135 196 177 260; x_wconf 87' lang='lat'><em>88</em></span> <span class='ocrx_word' id='word_1_2' title='bbox 509 194 710 246; x_wconf 64' lang='lat' dir='ltr'><em>mom</em></span> <span class='ocrx_word' id='word_1_3' title='bbox 730 189 770 248; x_wconf 82' lang='grc' dir='ltr'><em>ς’.</em></span> 
     </span>
    </p>
   </div>
   <div class='ocr_carea' id='block_1_2' title="bbox 136 329 1155 632">
    <p class='ocr_par' dir='ltr' id='par_1_2' title="bbox 136 329 1155 632">
     <span class='ocr_line' id='line_1_2' title="bbox 206 329 1155 423; baseline -0.003 -20"><span class='ocrx_word' id='word_1_4' title='bbox 206 340 282 404; x_wconf 86' lang='grc' dir='ltr'><em>Τών</em></span> <span class='ocrx_word' id='word_1_5' title='bbox 306 329 371 423; x_wconf 80' lang='grc' dir='ltr'><em>Ιι’ίρα</em></span> <span class='ocrx_word' id='word_1_6' title='bbox 398 339 588 421; x_wconf 78' lang='grc' dir='ltr'><em>ἰσογωνίων</em></span> <span class='ocrx_word' id='word_1_7' title='bbox 611 333 786 420; x_wconf 77' lang='grc' dir='ltr'><em>τριγώνων</em></span> <span class='ocrx_word' id='word_1_8' title='bbox 809 330 980 419; x_wconf 78' lang='grc' dir='ltr'><em>ἀνάλογόν</em></span> <span class='ocrx_word' id='word_1_9' title='bbox 1004 338 1091 401; x_wconf 79' lang='grc' dir='ltr'><em>εἰσιν</em></span> <span class='ocrx_word' id='word_1_10' title='bbox 1115 338 1155 400; x_wconf 87' lang='grc' dir='ltr'><em>αί</em></span> 
     </span>
     <span class='ocr_line' id='line_1_3' title="bbox 136 435 1154 529; baseline -0.005 -18"><span class='ocrx_word' id='word_1_11' title='bbox 136 444 276 529; x_wconf 81' lang='grc' dir='ltr'><em>πλευραὶ</em></span> <span class='ocrx_word' id='word_1_12' title='bbox 309 443 346 508; x_wconf 87' lang='grc' dir='ltr'><em>αί</em></span> <span class='ocrx_word' id='word_1_13' title='bbox 375 441 451 529; x_wconf 76' lang='grc' dir='ltr'><em>περὶ</em></span> <span class='ocrx_word' id='word_1_14' title='bbox 482 438 541 520; x_wconf 83' lang='grc' dir='ltr'><em>τὰς</em></span> <span class='ocrx_word' id='word_1_15' title='bbox 574 447 648 517; x_wconf 84' lang='grc' dir='ltr'><em>ίσας</em></span> <span class='ocrx_word' id='word_1_16' title='bbox 679 444 804 524; x_wconf 81' lang='grc' dir='ltr'><em>γωνίας</em></span> <span class='ocrx_word' id='word_1_17' title='bbox 834 440 890 506; x_wconf 78' lang='grc' dir='ltr'><em>καὶ</em></span> <span class='ocrx_word' id='word_1_18' title='bbox 921 435 1081 524; x_wconf 81' lang='grc' dir='ltr'><em>ὁμόλογοι</em></span> <span class='ocrx_word' id='word_1_19' title='bbox 1115 445 1154 507; x_wconf 89' lang='grc' dir='ltr'><em>αί</em></span> 
     </span>
     <span class='ocr_line' id='line_1_4' title="bbox 136 543 1151 632; baseline -0.002 -15"><span class='ocrx_word' id='word_1_20' title='bbox 136 548 202 617; x_wconf 82' lang='grc' dir='ltr'><em>ὑπὸ</em></span> <span class='ocrx_word' id='word_1_21' title='bbox 226 548 285 628; x_wconf 85' lang='grc' dir='ltr'><em>τὰς</em></span> <span class='ocrx_word' id='word_1_22' title='bbox 309 557 382 626; x_wconf 86' lang='grc' dir='ltr'><em>ίσας</em></span> <span class='ocrx_word' id='word_1_23' title='bbox 405 552 530 632; x_wconf 80' lang='grc' dir='ltr'><em>γωνίας</em></span> <span class='ocrx_word' id='word_1_24' title='bbox 553 543 804 613; x_wconf 77' lang='grc' dir='ltr'><em>ὑποτείνουσαι·</em></span> <span class='ocrx_word' id='word_1_25' title='bbox 833 543 913 630; x_wconf 80' lang='grc' dir='ltr'><em>ὅπερ</em></span> <span class='ocrx_word' id='word_1_26' title='bbox 943 549 1010 612; x_wconf 78' lang='grc' dir='ltr'><em>ἔδει</em></span> <span class='ocrx_word' id='word_1_27' title='bbox 1034 548 1151 627; x_wconf 78' lang='grc' dir='ltr'><em>δεῖξαι.</em></span> 
     </span>
    </p>
   </div>
   <div class='ocr_carea' id='block_1_3' title="bbox 40 765 1156 2764">
    <p class='ocr_par' dir='ltr' id='par_1_3' title="bbox 622 765 660 806">
     <span class='ocr_line' id='line_1_5' title="bbox 622 765 660 806; baseline 0 0"><span class='ocrx_word' id='word_1_28' title='bbox 622 765 660 806; x_wconf 84' lang='grc' dir='ltr'><em>ε.</em></span> 
     </span>
    </p>

    <p class='ocr_par' dir='ltr' id='par_1_4' title="bbox 40 862 1152 1254">
     <span class='ocr_line' id='line_1_6' title="bbox 40 862 1152 952; baseline 0.002 -22"><span class='ocrx_word' id='word_1_29' title='bbox 40 912 47 921; x_wconf 73' lang='lat'><strong><em>,</em></strong></span> <span class='ocrx_word' id='word_1_30' title='bbox 100 882 116 930; x_wconf 83' lang='grc' dir='ltr'><em>σ</em></span> <span class='ocrx_word' id='word_1_31' title='bbox 200 865 288 934; x_wconf 81' lang='grc' dir='ltr'><em>Ἐὰν</em></span> <span class='ocrx_word' id='word_1_32' title='bbox 322 865 395 934; x_wconf 77' lang='grc' dir='ltr'><em>δύο</em></span> <span class='ocrx_word' id='word_1_33' title='bbox 427 870 604 952; x_wconf 89' lang='grc' dir='ltr'><em>τρίγωνα</em></span> <span class='ocrx_word' id='word_1_34' title='bbox 636 862 704 942; x_wconf 81' lang='grc' dir='ltr'><em>τὰς</em></span> <span class='ocrx_word' id='word_1_35' title='bbox 739 863 911 951; x_wconf 79' lang='grc' dir='ltr'><em>πλευρὰς</em></span> <span class='ocrx_word' id='word_1_36' title='bbox 948 863 1152 949; x_wconf 80' lang='grc' dir='ltr'><em>ἀνάλογον</em></span> 
     </span>
     <span class='ocr_line' id='line_1_7' title="bbox 136 969 1152 1062; baseline -0.002 -22"><span class='ocrx_word' id='word_1_37' title='bbox 136 979 218 1062; x_wconf 75' lang='grc' dir='ltr'><em>ἔχῃ,</em></span> <span class='ocrx_word' id='word_1_38' title='bbox 243 970 438 1057; x_wconf 90' lang='grc' dir='ltr'><em>ίσογώνια</em></span> <span class='ocrx_word' id='word_1_39' title='bbox 461 975 569 1037; x_wconf 85' lang='grc' dir='ltr'><em>ἔσται</em></span> <span class='ocrx_word' id='word_1_40' title='bbox 592 969 639 1037; x_wconf 75' lang='grc' dir='ltr'><em>τὰ</em></span> <span class='ocrx_word' id='word_1_41' title='bbox 662 975 836 1056; x_wconf 90' lang='grc' dir='ltr'><em>τρίγωνα</em></span> <span class='ocrx_word' id='word_1_42' title='bbox 864 970 928 1036; x_wconf 77' lang='grc' dir='ltr'><em>καὶ</em></span> <span class='ocrx_word' id='word_1_43' title='bbox 958 979 1044 1050; x_wconf 85' lang='grc' dir='ltr'><em>ίσας</em></span> <span class='ocrx_word' id='word_1_44' title='bbox 1073 972 1152 1051; x_wconf 77' lang='grc' dir='ltr'><em>ἕξει</em></span> 
     </span>
     <span class='ocr_line' id='line_1_8' title="bbox 135 1071 1152 1163; baseline -0.003 -16"><span class='ocrx_word' id='word_1_45' title='bbox 135 1078 203 1158; x_wconf 80' lang='grc' dir='ltr'><em>τὰς</em></span> <span class='ocrx_word' id='word_1_46' title='bbox 225 1082 389 1163; x_wconf 88' lang='grc' dir='ltr'><em>γωνίας,</em></span> <span class='ocrx_word' id='word_1_47' title='bbox 418 1073 484 1162; x_wconf 80' lang='grc' dir='ltr'><em>ὑφ’</em></span> <span class='ocrx_word' id='word_1_48' title='bbox 510 1071 554 1154; x_wconf 76' lang='grc' dir='ltr'><em>ἃς</em></span> <span class='ocrx_word' id='word_1_49' title='bbox 577 1078 619 1142; x_wconf 81' lang='grc' dir='ltr'><em>ᾰί</em></span> <span class='ocrx_word' id='word_1_50' title='bbox 641 1073 832 1162; x_wconf 84' lang='grc' dir='ltr'><em>ὁμόλογοι</em></span> <span class='ocrx_word' id='word_1_51' title='bbox 860 1077 1028 1161; x_wconf 78' lang='grc' dir='ltr'><em>πλευραί</em></span> <span class='ocrx_word' id='word_1_52' title='bbox 1055 1074 1152 1145; x_wconf 86' lang='grc' dir='ltr'><em>ὑπο-</em></span> 
     </span>
     <span class='ocr_line' id='line_1_9' title="bbox 135 1192 351 1254; baseline -0.009 0"><span class='ocrx_word' id='word_1_53' title='bbox 135 1192 351 1254; x_wconf 83' lang='grc' dir='ltr'><em>τείνουσιν.</em></span> 
     </span>
    </p>

    <p class='ocr_par' dir='ltr' id='par_1_5' title="bbox 195 1286 1153 1376">
     <span class='ocr_line' id='line_1_10' title="bbox 195 1286 1153 1376; baseline 0 -19"><span class='ocrx_word' id='word_1_54' title='bbox 195 1290 303 1358; x_wconf 78' lang='grc' dir='ltr'><em>Ἔστω</em></span> <span class='ocrx_word' id='word_1_55' title='bbox 337 1287 400 1355; x_wconf 74' lang='grc' dir='ltr'><em>δύο</em></span> <span class='ocrx_word' id='word_1_56' title='bbox 429 1294 577 1376; x_wconf 91' lang='grc' dir='ltr'><em>τρίγωνα</em></span> <span class='ocrx_word' id='word_1_57' title='bbox 604 1287 643 1354; x_wconf 86' lang='grc' dir='ltr'><em>τὰ</em></span> <span class='ocrx_word' id='word_1_58' title='bbox 667 1294 778 1373; x_wconf 89' lang='grc' dir='ltr'><em>ΑΒΓ,</em></span> <span class='ocrx_word' id='word_1_59' title='bbox 793 1295 894 1356; x_wconf 86' lang='grc' dir='ltr'><em>ΔΕΖ</em></span> <span class='ocrx_word' id='word_1_60' title='bbox 921 1286 979 1370; x_wconf 84' lang='grc' dir='ltr'><em>τὰς</em></span> <span class='ocrx_word' id='word_1_61' title='bbox 1006 1288 1153 1375; x_wconf 79' lang='grc' dir='ltr'><em>πλευρὰς</em></span> 
     </span>
    </p>

    <p class='ocr_par' dir='ltr' id='par_1_6' title="bbox 84 1392 1154 1914">
     <span class='ocr_line' id='line_1_11' title="bbox 84 1392 1154 1482; baseline -0.007 -12"><span class='ocrx_word' id='word_1_62' title='bbox 84 1421 118 1470; x_wconf 92' lang='lat'><em>10</em></span> <span class='ocrx_word' id='word_1_63' title='bbox 137 1397 308 1480; x_wconf 80' lang='grc' dir='ltr'><em>ἀνάλογον</em></span> <span class='ocrx_word' id='word_1_64' title='bbox 331 1399 465 1481; x_wconf 80' lang='grc' dir='ltr'><em>ἔχοντα,</em></span> <span class='ocrx_word' id='word_1_65' title='bbox 488 1392 533 1474; x_wconf 82' lang='grc' dir='ltr'><em>ὡς</em></span> <span class='ocrx_word' id='word_1_66' title='bbox 556 1394 618 1481; x_wconf 71' lang='grc' dir='ltr'><em>μὲν</em></span> <span class='ocrx_word' id='word_1_67' title='bbox 640 1393 703 1480; x_wconf 81' lang='grc' dir='ltr'><em>τὴν</em></span> <span class='ocrx_word' id='word_1_68' title='bbox 726 1402 792 1462; x_wconf 87' lang='grc' dir='ltr'><em>ΑΒ</em></span> <span class='ocrx_word' id='word_1_69' title='bbox 815 1394 899 1482; x_wconf 83' lang='grc' dir='ltr'><em>πρὸς</em></span> <span class='ocrx_word' id='word_1_70' title='bbox 916 1395 978 1482; x_wconf 77' lang='grc' dir='ltr'><em>τὴν</em></span> <span class='ocrx_word' id='word_1_71' title='bbox 997 1402 1070 1479; x_wconf 91' lang='grc' dir='ltr'><em>ΒΓ,</em></span> <span class='ocrx_word' id='word_1_72' title='bbox 1095 1396 1154 1463; x_wconf 83' lang='grc' dir='ltr'><em>οὕ-</em></span> 
     </span>
     <span class='ocr_line' id='line_1_12' title="bbox 136 1498 1148 1588; baseline -0.002 -18"><span class='ocrx_word' id='word_1_73' title='bbox 136 1530 199 1582; x_wconf 89' lang='grc' dir='ltr'><em>τως</em></span> <span class='ocrx_word' id='word_1_74' title='bbox 222 1500 283 1587; x_wconf 79' lang='grc' dir='ltr'><em>τὴν</em></span> <span class='ocrx_word' id='word_1_75' title='bbox 308 1508 378 1567; x_wconf 87' lang='grc' dir='ltr'><em>ΔΕ</em></span> <span class='ocrx_word' id='word_1_76' title='bbox 398 1500 481 1588; x_wconf 88' lang='grc' dir='ltr'><em>πρὸς</em></span> <span class='ocrx_word' id='word_1_77' title='bbox 503 1501 567 1588; x_wconf 80' lang='grc' dir='ltr'><em>τὴν</em></span> <span class='ocrx_word' id='word_1_78' title='bbox 590 1508 663 1587; x_wconf 82' lang='grc' dir='ltr'><em>ΒΖ,</em></span> <span class='ocrx_word' id='word_1_79' title='bbox 687 1498 734 1580; x_wconf 85' lang='grc' dir='ltr'><em>ώς</em></span> <span class='ocrx_word' id='word_1_80' title='bbox 756 1501 794 1569; x_wconf 68' lang='grc' dir='ltr'><em>δὲ</em></span> <span class='ocrx_word' id='word_1_81' title='bbox 816 1501 880 1588; x_wconf 78' lang='grc' dir='ltr'><em>τὴν</em></span> <span class='ocrx_word' id='word_1_82' title='bbox 898 1506 965 1570; x_wconf 88' lang='grc' dir='ltr'><em>ΒΓ</em></span> <span class='ocrx_word' id='word_1_83' title='bbox 978 1501 1062 1588; x_wconf 86' lang='grc' dir='ltr'><em>πρὸς</em></span> <span class='ocrx_word' id='word_1_84' title='bbox 1084 1501 1148 1588; x_wconf 82' lang='grc' dir='ltr'><em>τὴν</em></span> 
     </span>
     <span class='ocr_line' id='line_1_13' title="bbox 136 1604 1150 1695; baseline -0.002 -19"><span class='ocrx_word' id='word_1_85' title='bbox 136 1615 208 1694; x_wconf 92' lang='grc' dir='ltr'><em>ΓΑ,</em></span> <span class='ocrx_word' id='word_1_86' title='bbox 237 1607 344 1687; x_wconf 79' lang='grc' dir='ltr'><em>οὕτως</em></span> <span class='ocrx_word' id='word_1_87' title='bbox 369 1606 431 1693; x_wconf 83' lang='grc' dir='ltr'><em>τὴν</em></span> <span class='ocrx_word' id='word_1_88' title='bbox 460 1613 523 1674; x_wconf 85' lang='grc' dir='ltr'><em>ΕΖ</em></span> <span class='ocrx_word' id='word_1_89' title='bbox 550 1607 634 1695; x_wconf 88' lang='grc' dir='ltr'><em>πρὸς</em></span> <span class='ocrx_word' id='word_1_90' title='bbox 660 1607 723 1694; x_wconf 76' lang='grc' dir='ltr'><em>τὴν</em></span> <span class='ocrx_word' id='word_1_91' title='bbox 752 1615 834 1693; x_wconf 86' lang='grc' dir='ltr'><em>ΖΔ,</em></span> <span class='ocrx_word' id='word_1_92' title='bbox 863 1609 920 1675; x_wconf 77' lang='grc' dir='ltr'><em>καί</em></span> <span class='ocrx_word' id='word_1_93' title='bbox 948 1611 996 1674; x_wconf 82' lang='grc' dir='ltr'><em>ἔτι</em></span> <span class='ocrx_word' id='word_1_94' title='bbox 1019 1604 1064 1688; x_wconf 79' lang='grc' dir='ltr'><em>ὡς</em></span> <span class='ocrx_word' id='word_1_95' title='bbox 1086 1607 1150 1694; x_wconf 84' lang='grc' dir='ltr'><em>τὴν</em></span> 
     </span>
     <span class='ocr_line' id='line_1_14' title="bbox 136 1712 1153 1803; baseline -0.001 -20"><span class='ocrx_word' id='word_1_96' title='bbox 136 1723 204 1783; x_wconf 94' lang='grc' dir='ltr'><em>ΒΑ</em></span> <span class='ocrx_word' id='word_1_97' title='bbox 234 1712 319 1800; x_wconf 89' lang='grc' dir='ltr'><em>πρὸς</em></span> <span class='ocrx_word' id='word_1_98' title='bbox 349 1713 412 1800; x_wconf 81' lang='grc' dir='ltr'><em>τὴν</em></span> <span class='ocrx_word' id='word_1_99' title='bbox 444 1720 518 1800; x_wconf 90' lang='grc' dir='ltr'><em>ΑΓ,</em></span> <span class='ocrx_word' id='word_1_100' title='bbox 550 1712 657 1794; x_wconf 76' lang='grc' dir='ltr'><em>οὕτως</em></span> <span class='ocrx_word' id='word_1_101' title='bbox 688 1714 750 1801; x_wconf 78' lang='grc' dir='ltr'><em>τὴν</em></span> <span class='ocrx_word' id='word_1_102' title='bbox 777 1722 846 1782; x_wconf 85' lang='grc' dir='ltr'><em>ΕΔ</em></span> <span class='ocrx_word' id='word_1_103' title='bbox 873 1714 958 1803; x_wconf 84' lang='grc' dir='ltr'><em>πρὸς</em></span> <span class='ocrx_word' id='word_1_104' title='bbox 983 1714 1045 1800; x_wconf 84' lang='grc' dir='ltr'><em>τὴν</em></span> <span class='ocrx_word' id='word_1_105' title='bbox 1075 1723 1153 1783; x_wconf 87' lang='grc' dir='ltr'><em>ΛΖ.</em></span> 
     </span>
     <span class='ocr_line' id='line_1_15' title="bbox 137 1817 1153 1914; baseline -0.002 -24"><span class='ocrx_word' id='word_1_106' title='bbox 137 1818 239 1907; x_wconf 72' lang='grc' dir='ltr'><em>Ιλέγω,</em></span> <span class='ocrx_word' id='word_1_107' title='bbox 259 1820 311 1888; x_wconf 84' lang='grc' dir='ltr'><em>ὅτι</em></span> <span class='ocrx_word' id='word_1_108' title='bbox 331 1817 514 1905; x_wconf 79' lang='grc' dir='ltr'><em>ἰσογώνιόν</em></span> <span class='ocrx_word' id='word_1_109' title='bbox 533 1820 658 1888; x_wconf 73' lang='grc' dir='ltr'><em>ἔστιτὸ</em></span> <span class='ocrx_word' id='word_1_110' title='bbox 679 1827 782 1888; x_wconf 98' lang='grc' dir='ltr'><em>ΑΒΓ</em></span> <span class='ocrx_word' id='word_1_111' title='bbox 796 1827 964 1906; x_wconf 89' lang='grc' dir='ltr'><em>τρίγωνον</em></span> <span class='ocrx_word' id='word_1_112' title='bbox 982 1824 1028 1914; x_wconf 75' lang='grc' dir='ltr'><em>τῷ</em></span> <span class='ocrx_word' id='word_1_113' title='bbox 1049 1829 1153 1889; x_wconf 86' lang='grc' dir='ltr'><em>ΔΒΖ</em></span> 
     </span>
    </p>

    <p class='ocr_par' dir='ltr' id='par_1_7' title="bbox 87 1924 1155 2334">
     <span class='ocr_line' id='line_1_16' title="bbox 87 1924 1153 2018; baseline -0.004 -20"><span class='ocrx_word' id='word_1_114' title='bbox 87 1949 120 1998; x_wconf 77' lang='lat'><em>15</em></span> <span class='ocrx_word' id='word_1_115' title='bbox 139 1925 292 2018; x_wconf 75' lang='grc' dir='ltr'><em>τριγώνῳ</em></span> <span class='ocrx_word' id='word_1_116' title='bbox 315 1926 370 1993; x_wconf 77' lang='grc' dir='ltr'><em>καί</em></span> <span class='ocrx_word' id='word_1_117' title='bbox 394 1935 468 2006; x_wconf 80' lang='grc' dir='ltr'><em>ίσας</em></span> <span class='ocrx_word' id='word_1_118' title='bbox 491 1927 602 2009; x_wconf 77' lang='grc' dir='ltr'><em>ἕξουσι</em></span> <span class='ocrx_word' id='word_1_119' title='bbox 625 1926 683 2007; x_wconf 85' lang='grc' dir='ltr'><em>τὰς</em></span> <span class='ocrx_word' id='word_1_120' title='bbox 705 1933 846 2013; x_wconf 85' lang='grc' dir='ltr'><em>γωνίας,</em></span> <span class='ocrx_word' id='word_1_121' title='bbox 868 1925 928 2014; x_wconf 79' lang='grc' dir='ltr'><em>ὑφ’</em></span> <span class='ocrx_word' id='word_1_122' title='bbox 954 1924 994 2006; x_wconf 78' lang='grc' dir='ltr'><em>ἃς</em></span> <span class='ocrx_word' id='word_1_123' title='bbox 1018 1930 1055 1994; x_wconf 89' lang='grc' dir='ltr'><em>αί</em></span> <span class='ocrx_word' id='word_1_124' title='bbox 1072 1925 1153 2013; x_wconf 88' lang='grc' dir='ltr'>ὁμό-</span> 
     </span>
     <span class='ocr_line' id='line_1_17' title="bbox 138 2029 1153 2122; baseline -0.002 -20"><span class='ocrx_word' id='word_1_125' title='bbox 138 2042 234 2120; x_wconf 80' lang='grc' dir='ltr'><em>λογοι</em></span> <span class='ocrx_word' id='word_1_126' title='bbox 262 2032 403 2122; x_wconf 80' lang='grc' dir='ltr'><em>πλευραὶ</em></span> <span class='ocrx_word' id='word_1_127' title='bbox 429 2029 684 2120; x_wconf 85' lang='grc' dir='ltr'><em>ὑποτείνουσιν,</em></span> <span class='ocrx_word' id='word_1_128' title='bbox 711 2033 774 2120; x_wconf 78' lang='grc' dir='ltr'><em>τὴν</em></span> <span class='ocrx_word' id='word_1_129' title='bbox 802 2033 864 2120; x_wconf 71' lang='grc' dir='ltr'><em>μὲν</em></span> <span class='ocrx_word' id='word_1_130' title='bbox 891 2031 959 2102; x_wconf 81' lang='grc' dir='ltr'><em>ὑπὸ</em></span> <span class='ocrx_word' id='word_1_131' title='bbox 983 2039 1087 2101; x_wconf 89' lang='grc' dir='ltr'><em>ΑΒΓ</em></span> <span class='ocrx_word' id='word_1_132' title='bbox 1109 2038 1153 2122; x_wconf 78' lang='grc' dir='ltr'><em>τῇ</em></span> 
     </span>
     <span class='ocr_line' id='line_1_18' title="bbox 137 2136 1155 2226; baseline -0.001 -18"><span class='ocrx_word' id='word_1_133' title='bbox 137 2137 204 2208; x_wconf 82' lang='grc' dir='ltr'><em>ὑπὸ</em></span> <span class='ocrx_word' id='word_1_134' title='bbox 229 2146 346 2225; x_wconf 83' lang='grc' dir='ltr'><em>ΔΕΖ,</em></span> <span class='ocrx_word' id='word_1_135' title='bbox 374 2137 436 2225; x_wconf 76' lang='grc' dir='ltr'><em>τὴν</em></span> <span class='ocrx_word' id='word_1_136' title='bbox 467 2138 505 2207; x_wconf 67' lang='grc' dir='ltr'><em>δὲ</em></span> <span class='ocrx_word' id='word_1_137' title='bbox 532 2136 599 2207; x_wconf 82' lang='grc' dir='ltr'><em>ὑπὸ</em></span> <span class='ocrx_word' id='word_1_138' title='bbox 624 2146 724 2207; x_wconf 85' lang='grc' dir='ltr'><em>ΒΓΑ</em></span> <span class='ocrx_word' id='word_1_139' title='bbox 745 2143 786 2226; x_wconf 79' lang='grc' dir='ltr'><em>τῇ</em></span> <span class='ocrx_word' id='word_1_140' title='bbox 809 2137 874 2208; x_wconf 80' lang='grc' dir='ltr'><em>ὑπὸ</em></span> <span class='ocrx_word' id='word_1_141' title='bbox 900 2147 1001 2206; x_wconf 85' lang='grc' dir='ltr'><em>ΒΖΔ</em></span> <span class='ocrx_word' id='word_1_142' title='bbox 1023 2140 1080 2207; x_wconf 80' lang='grc' dir='ltr'><em>καὶ</em></span> <span class='ocrx_word' id='word_1_143' title='bbox 1103 2144 1155 2207; x_wconf 82' lang='grc' dir='ltr'><em>ἔτι</em></span> 
     </span>
     <span class='ocr_line' id='line_1_19' title="bbox 137 2243 699 2334; baseline -0.002 -20"><span class='ocrx_word' id='word_1_144' title='bbox 137 2246 200 2333; x_wconf 84' lang='grc' dir='ltr'><em>τὴν</em></span> <span class='ocrx_word' id='word_1_145' title='bbox 223 2244 288 2314; x_wconf 77' lang='grc' dir='ltr'><em>ὑπὸ</em></span> <span class='ocrx_word' id='word_1_146' title='bbox 312 2252 418 2313; x_wconf 89' lang='grc' dir='ltr'><em>ΒΑΓ</em></span> <span class='ocrx_word' id='word_1_147' title='bbox 434 2249 474 2334; x_wconf 76' lang='grc' dir='ltr'><em>τῇ</em></span> <span class='ocrx_word' id='word_1_148' title='bbox 497 2243 563 2313; x_wconf 76' lang='grc' dir='ltr'><em>ὑπὸ</em></span> <span class='ocrx_word' id='word_1_149' title='bbox 589 2252 699 2313; x_wconf 82' lang='grc' dir='ltr'><em>ΕΑΖ.</em></span> 
     </span>
    </p>

    <p class='ocr_par' dir='ltr' id='par_1_8' title="bbox 206 2349 1156 2442">
     <span class='ocr_line' id='line_1_20' title="bbox 206 2349 1156 2442; baseline 0.001 -22"><span class='ocrx_word' id='word_1_150' title='bbox 206 2352 407 2420; x_wconf 74' lang='grc' dir='ltr'><em>Συνεστάτω</em></span> <span class='ocrx_word' id='word_1_151' title='bbox 431 2351 496 2438; x_wconf 80' lang='grc' dir='ltr'><em>γὰρ</em></span> <span class='ocrx_word' id='word_1_152' title='bbox 519 2350 605 2438; x_wconf 88' lang='grc' dir='ltr'><em>πρὸς</em></span> <span class='ocrx_word' id='word_1_153' title='bbox 626 2355 666 2440; x_wconf 77' lang='grc' dir='ltr'><em>τῇ</em></span> <span class='ocrx_word' id='word_1_154' title='bbox 687 2358 751 2418; x_wconf 86' lang='grc' dir='ltr'><em>ΒΖ</em></span> <span class='ocrx_word' id='word_1_155' title='bbox 770 2349 888 2442; x_wconf 74' lang='grc' dir='ltr'><em>εὐθείᾳ</em></span> <span class='ocrx_word' id='word_1_156' title='bbox 906 2353 962 2420; x_wconf 81' lang='grc' dir='ltr'><em>καὶ</em></span> <span class='ocrx_word' id='word_1_157' title='bbox 980 2367 1050 2432; x_wconf 82' lang='grc' dir='ltr'><em>τοῖς</em></span> <span class='ocrx_word' id='word_1_158' title='bbox 1068 2352 1156 2439; x_wconf 84' lang='grc' dir='ltr'><em>πρὸς</em></span> 
     </span>
    </p>

    <p class='ocr_par' dir='ltr' id='par_1_9' title="bbox 85 2456 1153 2548">
     <span class='ocr_line' id='line_1_21' title="bbox 85 2456 1153 2548; baseline -0.003 -20"><span class='ocrx_word' id='word_1_159' title='bbox 85 2480 119 2530; x_wconf 79' lang='lat'><em>20</em></span> <span class='ocrx_word' id='word_1_160' title='bbox 139 2457 223 2548; x_wconf 74' lang='grc' dir='ltr'><em>αὐτῇ</em></span> <span class='ocrx_word' id='word_1_161' title='bbox 256 2463 406 2544; x_wconf 74' lang='grc' dir='ltr'><em>σημείοις</em></span> <span class='ocrx_word' id='word_1_162' title='bbox 436 2470 506 2536; x_wconf 80' lang='grc' dir='ltr'><em>τοῖς</em></span> <span class='ocrx_word' id='word_1_163' title='bbox 538 2464 630 2543; x_wconf 86' lang='grc' dir='ltr'><em>Β,Ζ</em></span> <span class='ocrx_word' id='word_1_164' title='bbox 657 2461 696 2546; x_wconf 75' lang='grc' dir='ltr'><em>τῇ</em></span> <span class='ocrx_word' id='word_1_165' title='bbox 730 2457 792 2545; x_wconf 73' lang='grc' dir='ltr'><em>μὲν</em></span> <span class='ocrx_word' id='word_1_166' title='bbox 818 2456 884 2527; x_wconf 75' lang='grc' dir='ltr'><em>ὑπὸ</em></span> <span class='ocrx_word' id='word_1_167' title='bbox 916 2464 1020 2526; x_wconf 93' lang='grc' dir='ltr'><em>ΑΒΓ</em></span> <span class='ocrx_word' id='word_1_168' title='bbox 1043 2464 1153 2547; x_wconf 77' lang='grc' dir='ltr'><em>γωνία</em></span> 
     </span>
    </p>

    <p class='ocr_par' dir='ltr' id='par_1_10' title="bbox 116 2560 1155 2764">
     <span class='ocr_line' id='line_1_22' title="bbox 116 2560 1155 2652; baseline 0.002 -23"><span class='ocrx_word' id='word_1_169' title='bbox 116 2574 194 2651; x_wconf 82' lang='grc' dir='ltr'><em>,ἴση</em></span> <span class='ocrx_word' id='word_1_170' title='bbox 218 2563 238 2650; x_wconf 83' lang='grc' dir='ltr'><em>ἡ</em></span> <span class='ocrx_word' id='word_1_171' title='bbox 261 2562 327 2632; x_wconf 81' lang='grc' dir='ltr'><em>ὑπὸ</em></span> <span class='ocrx_word' id='word_1_172' title='bbox 353 2569 470 2648; x_wconf 86' lang='grc' dir='ltr'><em>ΖΕΗ,</em></span> <span class='ocrx_word' id='word_1_173' title='bbox 492 2566 532 2650; x_wconf 81' lang='grc' dir='ltr'><em>τῇ</em></span> <span class='ocrx_word' id='word_1_174' title='bbox 557 2562 595 2631; x_wconf 74' lang='grc' dir='ltr'><em>δὲ</em></span> <span class='ocrx_word' id='word_1_175' title='bbox 617 2560 682 2632; x_wconf 85' lang='grc' dir='ltr'><em>ὑπο</em></span> <span class='ocrx_word' id='word_1_176' title='bbox 707 2571 806 2633; x_wconf 89' lang='grc' dir='ltr'><em>ΑΓΒ</em></span> <span class='ocrx_word' id='word_1_177' title='bbox 831 2563 930 2652; x_wconf 61' lang='lat' dir='ltr'><em>lona}</em></span> <span class='ocrx_word' id='word_1_178' title='bbox 949 2562 1016 2633; x_wconf 83' lang='grc' dir='ltr'><em>ὑπὸ</em></span> <span class='ocrx_word' id='word_1_179' title='bbox 1036 2571 1155 2632; x_wconf 85' lang='grc' dir='ltr'><strong>ΕΖΗ·</strong></span> 
     </span>
     <span class='ocr_line' id='line_1_23' title="bbox 139 2666 1154 2764; baseline 0.002 -26"><span class='ocrx_word' id='word_1_180' title='bbox 139 2673 237 2756; x_wconf 81' lang='grc' dir='ltr'><em>λοιπὴ</em></span> <span class='ocrx_word' id='word_1_181' title='bbox 258 2668 323 2758; x_wconf 82' lang='grc' dir='ltr'><em>ίιρα</em></span> <span class='ocrx_word' id='word_1_182' title='bbox 341 2666 362 2754; x_wconf 78' lang='grc' dir='ltr'><em>ἡ</em></span> <span class='ocrx_word' id='word_1_183' title='bbox 382 2671 466 2756; x_wconf 89' lang='grc' dir='ltr'><em>πρὸς</em></span> <span class='ocrx_word' id='word_1_184' title='bbox 483 2673 530 2760; x_wconf 76' lang='grc' dir='ltr'><em>τῷ</em></span> <span class='ocrx_word' id='word_1_185' title='bbox 548 2678 581 2736; x_wconf 91' lang='grc' dir='ltr'><em>Α</em></span> <span class='ocrx_word' id='word_1_186' title='bbox 599 2675 698 2759; x_wconf 76' lang='grc' dir='ltr'><em>λοιπῇ</em></span> <span class='ocrx_word' id='word_1_187' title='bbox 718 2675 757 2759; x_wconf 78' lang='grc' dir='ltr'><em>τῇ</em></span> <span class='ocrx_word' id='word_1_188' title='bbox 772 2673 856 2759; x_wconf 85' lang='grc' dir='ltr'><em>πρὸς</em></span> <span class='ocrx_word' id='word_1_189' title='bbox 869 2675 915 2764; x_wconf 78' lang='grc' dir='ltr'><em>τῷ</em></span> <span class='ocrx_word' id='word_1_190' title='bbox 929 2679 970 2738; x_wconf 90' lang='grc' dir='ltr'><strong>Η</strong></span> <span class='ocrx_word' id='word_1_191' title='bbox 978 2673 1068 2739; x_wconf 82' lang='grc' dir='ltr'><em>ἐστιν</em></span> <span class='ocrx_word' id='word_1_192' title='bbox 1087 2679 1154 2758; x_wconf 83' lang='grc' dir='ltr'><em>ίση.</em></span> 
     </span>
    </p>
   </div>
   <div class='ocr_carea' id='block_1_4' title="bbox 84 2772 1155 3077">
    <p class='ocr_par' dir='ltr' id='par_1_11' title="bbox 84 2772 1155 3077">
     <span class='ocr_line' id='line_1_24' title="bbox 206 2772 1154 2870; baseline 0.004 -30"><span class='ocrx_word' id='word_1_193' title='bbox 206 2772 388 2859; x_wconf 85' lang='grc' dir='ltr'><em>ίσογώνιον</em></span> <span class='ocrx_word' id='word_1_194' title='bbox 416 2774 484 2864; x_wconf 86' lang='grc' dir='ltr'><em>ίίρα</em></span> <span class='ocrx_word' id='word_1_195' title='bbox 511 2775 580 2843; x_wconf 75' lang='grc' dir='ltr'><em>ἐστὶ</em></span> <span class='ocrx_word' id='word_1_196' title='bbox 603 2802 641 2844; x_wconf 94' lang='grc' dir='ltr'><em>το</em></span> <span class='ocrx_word' id='word_1_197' title='bbox 665 2783 771 2845; x_wconf 92' lang='grc' dir='ltr'><em>ΑΒΓ</em></span> <span class='ocrx_word' id='word_1_198' title='bbox 788 2781 955 2863; x_wconf 91' lang='grc' dir='ltr'><em>τρίγωνον</em></span> <span class='ocrx_word' id='word_1_199' title='bbox 978 2781 1024 2870; x_wconf 75' lang='grc' dir='ltr'><em>τῷ</em></span> <span class='ocrx_word' id='word_1_200' title='bbox 1050 2783 1154 2844; x_wconf 87' lang='grc' dir='ltr'><em>ΕΗΖ</em></span> 
     </span>
     <span class='ocr_line' id='line_1_25' title="bbox 139 2878 1153 2971; baseline 0.004 -25"><span class='ocrx_word' id='word_1_201' title='bbox 139 2878 328 2971; x_wconf 83' lang='grc' dir='ltr'><em>[τριγώνῳ].</em></span> <span class='ocrx_word' id='word_1_202' title='bbox 365 2884 433 2948; x_wconf 84' lang='grc' dir='ltr'><em>τών</em></span> <span class='ocrx_word' id='word_1_203' title='bbox 453 2879 518 2968; x_wconf 74' lang='grc' dir='ltr'><em>ἄρα</em></span> <span class='ocrx_word' id='word_1_204' title='bbox 536 2888 646 2968; x_wconf 89' lang='grc' dir='ltr'><em>ΑΒΓ,</em></span> <span class='ocrx_word' id='word_1_205' title='bbox 660 2890 763 2950; x_wconf 83' lang='grc' dir='ltr'><em>ΕΗΖ</em></span> <span class='ocrx_word' id='word_1_206' title='bbox 785 2883 961 2971; x_wconf 81' lang='grc' dir='ltr'><em>τριγώνων</em></span> <span class='ocrx_word' id='word_1_207' title='bbox 981 2880 1153 2969; x_wconf 79' lang='grc' dir='ltr'><em>ἀνάλογόν</em></span> 
     </span>
     <span class='ocr_line' id='line_1_26' title="bbox 84 2986 1155 3077; baseline 0 -19"><span class='ocrx_word' id='word_1_208' title='bbox 84 3007 119 3058; x_wconf 74' lang='grc'><em>21</em></span> <span class='ocrx_word' id='word_1_209' title='bbox 138 2990 224 3056; x_wconf 82' lang='grc' dir='ltr'><em>εἰσιν</em></span> <span class='ocrx_word' id='word_1_210' title='bbox 253 2988 289 3052; x_wconf 84' lang='grc' dir='ltr'><em>οιί</em></span> <span class='ocrx_word' id='word_1_211' title='bbox 315 2986 454 3076; x_wconf 81' lang='grc' dir='ltr'><em>πλευραὶ</em></span> <span class='ocrx_word' id='word_1_212' title='bbox 483 2989 520 3055; x_wconf 87' lang='grc' dir='ltr'><em>αί</em></span> <span class='ocrx_word' id='word_1_213' title='bbox 545 2988 621 3077; x_wconf 81' lang='grc' dir='ltr'><em>περὶ</em></span> <span class='ocrx_word' id='word_1_214' title='bbox 648 2991 708 3069; x_wconf 85' lang='grc' dir='ltr'><em>τὰς</em></span> <span class='ocrx_word' id='word_1_215' title='bbox 735 2998 809 3069; x_wconf 86' lang='grc' dir='ltr'><em>ίσας</em></span> <span class='ocrx_word' id='word_1_216' title='bbox 836 2995 960 3076; x_wconf 91' lang='grc' dir='ltr'><em>γωνίας</em></span> <span class='ocrx_word' id='word_1_217' title='bbox 988 2990 1043 3056; x_wconf 81' lang='grc' dir='ltr'><em>καὶ</em></span> <span class='ocrx_word' id='word_1_218' title='bbox 1073 2987 1155 3077; x_wconf 86' lang='grc' dir='ltr'>ὁμό-</span> 
     </span>
    </p>
   </div>
   <div class='ocr_carea' id='block_1_5' title="bbox 137 3115 351 3127">
    <p class='ocr_par' dir='ltr' id='par_1_12' title="bbox 137 3115 351 3127">
     <span class='ocr_line' id='line_1_27' title="bbox 137 3115 351 3127; baseline 0 -3"><span class='ocrx_word' id='word_1_219' title='bbox 137 3115 351 3127; x_wconf 74' lang='grc'>....-.--.</span> 
     </span>
    </p>
   </div>
   <div class='ocr_carea' id='block_1_6' title="bbox 137 3159 1158 3594">
    <p class='ocr_par' dir='ltr' id='par_1_13' title="bbox 137 3159 1158 3594">
     <span class='ocr_line' id='line_1_28' title="bbox 210 3159 1155 3237; baseline 0.004 -19"><span class='ocrx_word' id='word_1_220' title='bbox 210 3171 234 3219; x_wconf 83' lang='grc'><em>3.</em></span> <span class='ocrx_word' id='word_1_221' title='bbox 254 3159 328 3235; x_wconf 74' lang='grc' dir='ltr'><em>ὑπό]</em></span> <span class='ocrx_word' id='word_1_222' title='bbox 353 3164 421 3233; x_wconf 78' lang='grc' dir='ltr'><em>περί</em></span> <span class='ocrx_word' id='word_1_223' title='bbox 440 3182 468 3235; x_wconf 83' lang='lat' dir='ltr'><em>p.</em></span> <span class='ocrx_word' id='word_1_224' title='bbox 541 3166 657 3237; x_wconf 82' lang='grc' dir='ltr'><em>γωνίας]</em></span> <span class='ocrx_word' id='word_1_225' title='bbox 679 3166 722 3221; x_wconf 78' lang='lat' dir='ltr'><em>bis</em></span> <span class='ocrx_word' id='word_1_226' title='bbox 740 3184 769 3237; x_wconf 88' lang='lat' dir='ltr'><em>p.</em></span> <span class='ocrx_word' id='word_1_227' title='bbox 806 3165 925 3236; x_wconf 77' lang='grc' dir='ltr'><em>πλευραὶ</em></span> <span class='ocrx_word' id='word_1_228' title='bbox 949 3162 1155 3224; x_wconf 70' lang='grc' dir='ltr'><em>ὑποτείνουσαι</em></span> 
     </span>
     <span class='ocr_line' id='line_1_29' title="bbox 137 3229 1153 3308; baseline 0.006 -20"><span class='ocrx_word' id='word_1_229' title='bbox 137 3234 226 3306; x_wconf 79' lang='grc' dir='ltr'><em>ΒΓρ,</em></span> <span class='ocrx_word' id='word_1_230' title='bbox 245 3229 448 3290; x_wconf 78' lang='grc' dir='ltr'><em>ὑποτείνουσαι</em></span> <span class='ocrx_word' id='word_1_231' title='bbox 465 3238 589 3305; x_wconf 80' lang='grc' dir='ltr'><em>πλευραί</em></span> <span class='ocrx_word' id='word_1_232' title='bbox 603 3235 636 3292; x_wconf 88' lang='lat' dir='ltr'><em>V.</em></span> <span class='ocrx_word' id='word_1_233' title='bbox 729 3242 753 3291; x_wconf 81' lang='lat'><em>7.</em></span> <span class='ocrx_word' id='word_1_234' title='bbox 773 3234 834 3308; x_wconf 77' lang='grc' dir='ltr'><em>τίς]</em></span> <span class='ocrx_word' id='word_1_235' title='bbox 854 3255 891 3292; x_wconf 89' lang='lat' dir='ltr'><em>m.</em></span> <span class='ocrx_word' id='word_1_236' title='bbox 911 3255 965 3294; x_wconf 78' lang='lat' dir='ltr'>rec.</span> <span class='ocrx_word' id='word_1_237' title='bbox 985 3239 1016 3295; x_wconf 86' lang='lat' dir='ltr'><em>F.</em></span> <span class='ocrx_word' id='word_1_238' title='bbox 1110 3246 1153 3294; x_wconf 86' lang='lat'><em>10.</em></span> 
     </span>
     <span class='ocr_line' id='line_1_30' title="bbox 137 3304 1157 3383; baseline 0.005 -23"><span class='ocrx_word' id='word_1_239' title='bbox 137 3304 190 3374; x_wconf 83' lang='grc' dir='ltr'><em>τὴν</em></span> <span class='ocrx_word' id='word_1_240' title='bbox 210 3305 280 3377; x_wconf 90' lang='grc' dir='ltr'><em>ΒΓ]</em></span> <span class='ocrx_word' id='word_1_241' title='bbox 300 3310 356 3360; x_wconf 90' lang='grc' dir='ltr'><em>ΒΓ</em></span> <span class='ocrx_word' id='word_1_242' title='bbox 371 3304 453 3376; x_wconf 77' lang='lat' dir='ltr'><strong>BFp.</strong></span> <span class='ocrx_word' id='word_1_243' title='bbox 541 3313 582 3362; x_wconf 90' lang='lat'><em>11.</em></span> <span class='ocrx_word' id='word_1_244' title='bbox 602 3305 654 3378; x_wconf 82' lang='grc' dir='ltr'><em>τὴν</em></span> <span class='ocrx_word' id='word_1_245' title='bbox 678 3309 747 3380; x_wconf 86' lang='grc' dir='ltr'><em>ΕΖ]</em></span> <span class='ocrx_word' id='word_1_246' title='bbox 772 3311 826 3362; x_wconf 85' lang='grc' dir='ltr'><em>ΕΖ</em></span> <span class='ocrx_word' id='word_1_247' title='bbox 848 3309 931 3380; x_wconf 81' lang='lat' dir='ltr'><strong>BFp.</strong></span> <span class='ocrx_word' id='word_1_248' title='bbox 1017 3307 1069 3380; x_wconf 81' lang='grc' dir='ltr'><em>τὴν</em></span> <span class='ocrx_word' id='word_1_249' title='bbox 1090 3311 1157 3383; x_wconf 82' lang='grc' dir='ltr'><em>ΓΑ]</em></span> 
     </span>
     <span class='ocr_line' id='line_1_31' title="bbox 139 3369 1157 3466; baseline 0.007 -36"><span class='ocrx_word' id='word_1_250' title='bbox 139 3380 191 3430; x_wconf 90' lang='grc' dir='ltr'><em>ΓΑ</em></span> <span class='ocrx_word' id='word_1_251' title='bbox 210 3377 294 3446; x_wconf 77' lang='lat' dir='ltr'><strong>BFp.</strong></span> <span class='ocrx_word' id='word_1_252' title='bbox 388 3381 430 3430; x_wconf 78' lang='lat'><em>12.</em></span> <span class='ocrx_word' id='word_1_253' title='bbox 451 3369 524 3432; x_wconf 67' lang='grc' dir='ltr'><em>οὕτω</em></span> <span class='ocrx_word' id='word_1_254' title='bbox 543 3376 576 3434; x_wconf 92' lang='grc' dir='ltr'><em>Β.</em></span> <span class='ocrx_word' id='word_1_255' title='bbox 666 3375 718 3448; x_wconf 81' lang='grc' dir='ltr'><em>τὴν</em></span> <span class='ocrx_word' id='word_1_256' title='bbox 737 3380 810 3466; x_wconf 64' lang='grc' dir='ltr'><em>ΖΔ]</em></span> <span class='ocrx_word' id='word_1_257' title='bbox 826 3381 864 3448; x_wconf 89' lang='grc' dir='ltr'><em>Ρ,</em></span> <span class='ocrx_word' id='word_1_258' title='bbox 882 3380 909 3435; x_wconf 88' lang='lat' dir='ltr'><strong>V</strong></span> <span class='ocrx_word' id='word_1_259' title='bbox 923 3400 960 3436; x_wconf 88' lang='lat' dir='ltr'><em>m.</em></span> <span class='ocrx_word' id='word_1_260' title='bbox 981 3388 1009 3447; x_wconf 82' lang='lat'><em>13</em></span> <span class='ocrx_word' id='word_1_261' title='bbox 1029 3377 1081 3450; x_wconf 80' lang='grc' dir='ltr'><em>τὴν</em></span> <span class='ocrx_word' id='word_1_262' title='bbox 1099 3386 1157 3437; x_wconf 86' lang='grc' dir='ltr'><em>ΛΖ</em></span> 
     </span>
     <span class='ocr_line' id='line_1_32' title="bbox 137 3441 1158 3540; baseline 0.006 -39"><span class='ocrx_word' id='word_1_263' title='bbox 137 3445 164 3501; x_wconf 83' lang='lat' dir='ltr'>V</span> <span class='ocrx_word' id='word_1_264' title='bbox 178 3466 215 3503; x_wconf 89' lang='lat' dir='ltr'><em>m.</em></span> <span class='ocrx_word' id='word_1_265' title='bbox 235 3452 263 3512; x_wconf 77' lang='lat'><em>23</em></span> <span class='ocrx_word' id='word_1_266' title='bbox 285 3449 341 3501; x_wconf 92' lang='grc' dir='ltr'><em>ΔΖ</em></span> <span class='ocrx_word' id='word_1_267' title='bbox 359 3445 441 3517; x_wconf 79' lang='lat' dir='ltr'><strong>BFp.</strong></span> <span class='ocrx_word' id='word_1_268' title='bbox 508 3453 548 3502; x_wconf 85' lang='lat'><em>13.</em></span> <span class='ocrx_word' id='word_1_269' title='bbox 568 3441 641 3503; x_wconf 69' lang='grc' dir='ltr'><em>οὕτω</em></span> <span class='ocrx_word' id='word_1_270' title='bbox 660 3448 717 3519; x_wconf 88' lang='lat' dir='ltr'><em>Bp.</em></span> <span class='ocrx_word' id='word_1_271' title='bbox 781 3451 916 3540; x_wconf 75' lang='grc' dir='ltr'><em>τηνΔΖ]</em></span> <span class='ocrx_word' id='word_1_272' title='bbox 932 3449 1037 3522; x_wconf 70' lang='lat' dir='ltr'><em>V3w&#39;1v</em></span> <span class='ocrx_word' id='word_1_273' title='bbox 1053 3453 1158 3518; x_wconf 82' lang='grc' dir='ltr'><strong>ΖΔΡ;</strong></span> 
     </span>
     <span class='ocr_line' id='line_1_33' title="bbox 138 3513 1156 3594; baseline 0.007 -22"><span class='ocrx_word' id='word_1_274' title='bbox 138 3521 195 3572; x_wconf 86' lang='grc' dir='ltr'><em>ΛΖ</em></span> <span class='ocrx_word' id='word_1_275' title='bbox 213 3518 294 3589; x_wconf 78' lang='lat' dir='ltr'><strong>BFp.</strong></span> <span class='ocrx_word' id='word_1_276' title='bbox 390 3523 431 3572; x_wconf 82' lang='lat'><em>14.</em></span> <span class='ocrx_word' id='word_1_277' title='bbox 452 3513 527 3573; x_wconf 79' lang='grc' dir='ltr'><em>ἐστιν</em></span> <span class='ocrx_word' id='word_1_278' title='bbox 546 3519 577 3588; x_wconf 83' lang='grc' dir='ltr'><em>Ρ,</em></span> <span class='ocrx_word' id='word_1_279' title='bbox 601 3537 690 3590; x_wconf 86' lang='lat' dir='ltr'><strong>comp.</strong></span> <span class='ocrx_word' id='word_1_280' title='bbox 714 3538 742 3590; x_wconf 88' lang='lat' dir='ltr'><em>p.</em></span> <span class='ocrx_word' id='word_1_281' title='bbox 835 3528 876 3577; x_wconf 82' lang='grc'><em>16.</em></span> <span class='ocrx_word' id='word_1_282' title='bbox 896 3525 1078 3578; x_wconf 82' lang='grc' dir='ltr'><em>υποτείνουσι</em></span> <span class='ocrx_word' id='word_1_283' title='bbox 1097 3524 1156 3594; x_wconf 89' lang='lat' dir='ltr'><em>Vp.</em></span> 
     </span>
    </p>
   </div>
   <div class='ocr_carea' id='block_1_7' title="bbox 0 0 1244 3938">
    <p class='ocr_par' dir='ltr' id='par_1_14' title="bbox 0 0 1244 3938">
     <span class='ocr_line' id='line_1_34' title="bbox 0 0 1244 3938; baseline 0 0"><span class='ocrx_word' id='word_1_284' title='bbox 0 0 1244 3938; x_wconf 95' lang='lat' dir='ltr'><em> </em></span> 
     </span>
    </p>
   </div>
  </div>
 </body>
</html>
