2446 3938
353 189 627 240 mimmmme
646 189 755 239 mmm
772 189 819 240 m.
1029 185 1092 248 391

80 331 168 394 uenti
193 334 268 395 sunt
289 331 388 414 primi
411 332 538 395 numeri
557 337 597 415 A,
620 334 657 414 Β,
677 334 713 413 Γ,
731 335 794 394 ΕΖ
817 331 927 414 plures
950 330 1094 394 numeris

78 442 124 520 A,
147 440 189 519 B,
212 439 249 501 Γ.
294 459 407 501 uerum
435 459 476 501 ne
507 437 549 501 sit
572 441 635 502 ΕΖ
657 438 791 519 primus.
836 438 946 521 itaque
969 437 1093 521 primus

80 543 197 628 aliquis
221 565 374 608 numerus
399 565 472 609 eum
496 543 629 607 metitur
649 541 735 627 ΝΠ,
750 543 816 623 31].
852 543 1006 607 metiatur
1029 542 1096 625 pri-

84 668 152 713 mus
175 671 329 714 numerus
353 653 399 714 H.
432 649 512 732 dico,
536 671 706 712 numerum
725 653 765 713 H
782 648 864 712 nulli
887 669 1095 712 numerorum

84 760 121 835 A,
136 759 173 838 Β,
188 758 220 818 Γ
235 755 401 840 aequalem
416 776 494 820 esse.
531 777 608 820 nam
627 755 654 820 si
673 755 742 819 fieri
759 758 879 840 potest,
899 755 950 820 sit.
982 775 1095 818 uerum

85 866 130 944 A,
149 865 190 946 Β,
214 864 246 926 Γ
271 883 441 926 numerum
470 865 540 925 ΔΒ
567 860 754 926 metiuntur.
801 862 911 946 itaque
939 859 1039 924 dtiam
1061 863 1101 923 H

85 988 251 1032 numerum
280 971 350 1031 ΔΕ
377 967 520 1033 metitur.
565 989 679 1031 uerum
706 967 805 1032 etiam
833 989 1004 1032 numerum
1033 970 1095 1030 ΕΖ

86 1075 224 1140 metitur.
258 1095 358 1157 quare
378 1073 476 1138 etiam
483 1071 508 1159 ¹)
528 1095 610 1158 quae
628 1073 830 1158 relinquitur,
854 1074 1013 1138 unitatem
1029 1076 1096 1136 ΛΖ

87 1179 235 1243 metietur
248 1183 291 1264 H,
311 1180 366 1263 qui
384 1201 536 1244 numerus
556 1183 618 1264 est,
641 1180 727 1265 quod
746 1179 920 1244 absurdum
935 1183 992 1244 est.
1017 1199 1095 1262 ergo

85 1286 125 1346 H
143 1285 221 1349 nulli
244 1308 414 1350 numerum
437 1290 482 1371 A,
506 1290 548 1369 B,
572 1289 604 1351 Γ
623 1285 766 1370 aequalis
791 1287 848 1350 est.
890 1289 923 1350 et
947 1284 1096 1369 supposi-

87 1393 157 1454 tum
186 1396 245 1478 est,
277 1396 317 1457 Η
343 1393 486 1477 primum
514 1413 593 1457 esse.
640 1411 718 1476 ergo
745 1391 870 1456 inuenti
898 1395 975 1456 sunt
999 1389 1096 1475 primi

84 1498 208 1563 numen'
230 1504 271 1583 A,
294 1503 332 1582 Β,
356 1502 392 1583 Γ,
414 1503 454 1564 Η
470 1499 579 1583 plures
603 1498 681 1562 data
703 1497 911 1563 multitudine
930 1501 971 1582 A,
994 1500 1031 1580 Β,
1053 1498 1095 1579 Γ,

84 1603 171 1685 quod
194 1609 261 1670 erat
284 1605 578 1671 demonstrandum.

544 1797 631 1862 XXI.

155 1916 190 1983 Si
227 1921 384 2003 quotlibet
420 1921 547 1985 numeri
582 1942 677 2004 pares
713 1925 963 2006 componuntur,
1005 1925 1096 1985 totus

86 2047 144 2110 par
168 2026 238 2091 erit.

153 2131 397 2217 Componantur
429 2133 516 2198 enim
549 2133 712 2218 quotlibet
743 2134 871 2198 numeri
900 2154 993 2218 pares
1021 2135 1096 2215 AB,

85 2241 155 2324 ΒΓ,
180 2242 251 2322 ΓΔ,
275 2244 350 2304 ΛΕ.
388 2237 468 2325 dico,
492 2240 590 2305 etiam
612 2243 719 2305 totum
742 2244 812 2305 ΑΕ
832 2262 944 2324 parem
967 2259 1046 2304 esse.

152 2615 229 2658 nam
257 2595 411 2678 quoniam
440 2595 563 2680 singuli
585 2596 710 2661 numeri
733 2599 812 2680 ΑΒ,
836 2597 906 2677 ΒΓ,
928 2597 1005 2678 ΓΔ,
1029 2598 1099 2657 ΔΒ

85 2721 179 2782 pares
217 2704 304 2786 sunt,
341 2705 468 2786 partem
500 2701 667 2767 dimidiam
698 2701 821 2767 habent
854 2699 935 2782 [VII
964 2699 1025 2765 def.
1050 2701 1096 2781 6].

85 2827 185 2889 quare
213 2808 312 2872 etiam
340 2812 429 2874 totus
453 2812 522 2872 ΑΒ
542 2811 668 2892 partem
692 2807 860 2873 dimidiam
882 2807 991 2872 habet.
1037 2829 1098 2891 par

85 2915 195 2976 autem
211 2935 375 2986 ¹numerus
402 2915 431 2979 is
459 2917 521 2998 est,
555 2915 610 2999 qui
636 2915 672 2979 in
699 2915 780 2979 duas
807 2917 917 2998 partes
946 2914 1097 2999 aequales
1173 2930 1177 2937 ·

86 3017 242 3082 diuiditur
265 3019 342 3100 [id.].
388 3040 465 3105 ergo
488 3024 558 3085 ΑΕ
582 3042 643 3104 par
671 3023 736 3104 est,
763 3020 849 3106 quod
872 3023 943 3085 erat
966 3019 1098 3084 demon·

85 3123 261 3190 strandum.

158 3319 183 3385 1)
202 3316 236 3371 U.
256 3317 293 3371 ad
311 3315 375 3384 vm,
395 3322 438 3371 28.
