2446 3938
154 200 219 265 395
532 198 734 250 ΣΤΟΙΧΕΙΩΝ
751 189 795 249 ν’.

219 338 307 408 Ἐπεὶ
336 339 401 428 γὰρ
431 337 449 407 6
477 347 543 407 AB
571 336 727 425 περισσός
755 338 861 419 ἐστιν,
894 331 1104 424 ἀφῃρήσθω
1133 364 1187 424 μο-

154 447 216 528 νὰς
239 445 260 534 ἡ
285 454 366 513 BA·
395 444 512 524 λοιπὸς
535 443 601 530 ἄρα
625 441 643 512 6
667 450 738 510 ΑΔ
760 440 876 529 ἄρτιός
900 443 1005 510 ἐστιν.
1059 442 1120 512 διὰ
1148 443 1184 511 τὰ

156 551 240 622 αὐτὰ
269 552 311 639 δὴ
340 552 395 620 καὶ
424 551 442 619 6
468 557 530 620 ΓΔ
553 549 668 638 ἄρτιός
692 551 794 617 ἐστιν·
824 545 992 616 ὥστεκαὶ
1021 548 1183 630 λοιπὸςὸ

155 666 215 728 ΓΑ
239 659 354 748 ἄρτιός
378 663 480 727 ἐστιν·
505 656 587 741 ὅπερ
612 661 679 724 ἔδει
703 658 817 738 δεῖξαι.

120 861 136 909 6
634 852 693 934 κζ’.

221 976 308 1044 Ἐὰν
340 975 415 1043 ἀπὸ
449 979 643 1064 περισσοῦ
676 972 853 1062 ἀριθμοῦ
887 969 1029 1062 ἄρτιος
1066 974 1182 1063 ἄφατ-

156 1087 269 1171 ρεθῇ,
294 1079 312 1150 6
336 1082 475 1162 λοιπὸς
497 1079 686 1169 περισσὸς
709 1087 827 1149 ἔσται.

218 1186 300 1256 Ἀπὸ
328 1186 392 1277 γὰρ
420 1193 582 1275 περισσοῦ
609 1192 671 1256 τοῦ
698 1194 764 1255 AB
793 1184 906 1275 ἄρτιος
933 1183 1139 1275 ἀφῃρήσθω
1163 1186 1180 1256 6

156 1303 230 1364 ΒΓ·
254 1297 355 1381 λέγω,
380 1293 432 1363 ὅτι
456 1293 474 1363 6
499 1293 615 1374 λοιπὸς
639 1291 657 1362 6
682 1299 742 1361 ΓΑ
764 1292 922 1383 περισσός
945 1294 1055 1362 ἐστιν.

103 1409 136 1458 10
220 1400 424 1490 Ἀφῃρήσθω
449 1400 540 1489 [γὰρ]
564 1399 671 1487 μονὰς
693 1398 714 1486 ἡ
738 1409 770 1468 Α
776 1408 821 1467 A·
845 1397 864 1468 6
884 1407 952 1467 AB
972 1398 1045 1489 ἄρα
1066 1401 1182 1490 ἄρτιός

156 1512 256 1577 ἐστιν.
303 1513 372 1574 ἔστι
400 1506 438 1574 66
465 1507 521 1573 καὶ
550 1504 577 1581 6¹
598 1513 664 1574 ΒΓ
688 1505 814 1595 ἄρτιος·
842 1505 899 1573 καὶ
921 1505 1046 1586 λοιπὸς
1072 1507 1140 1595 ἄρα
1163 1509 1180 1575 6

156 1619 217 1680 ΓΔ
232 1609 347 1700 ἄρτιός
362 1613 461 1679 ἐστιν.
494 1610 652 1698 περισσὸς
665 1610 732 1699 ἄρα
747 1608 764 1679 6
780 1615 852 1679 ΓΑ·
877 1610 959 1698 ὅπερ
975 1614 1049 1681 ἔδει
1066 1616 1181 1696 δεῖξαι.

635 1833 699 1892 κη.

221 1928 309 1998 Ἐὰν
341 1928 532 2019 περισσὸς
564 1928 738 2017 ἀριθμὸς
770 1926 911 2016 ἄρτιον
948 1937 1182 2000 πολλαπλα-

106 2047 137 2095 16
158 2038 299 2116 σιάσας
329 2040 422 2124 ποιῇ
455 2063 559 2118 τινα,
592 2033 609 2104 6
643 2037 860 2122 γενόμενος
888 2033 1026 2123 ἄρτιος
1060 2043 1181 2108 ἔσται.

223 2141 391 2231 Περισσὸς
412 2142 477 2230 γὰρ
502 2140 649 2230 ἀριθμὸς
672 2139 690 2210 6
715 2152 747 2210 A
769 2141 887 2232 ἄρτιον
914 2139 975 2209 τὸν
999 2149 1028 2209 Β
1056 2154 1181 2214 πολλα-

156 2250 341 2329 πλασιάσας
372 2246 431 2317 τὸν
469 2255 501 2316 Γ
537 2254 685 2316 ποιείτω·
721 2249 822 2335 λέγω,
860 2245 912 2315 ὅτι
944 2243 962 2315 6
997 2254 1031 2315 Γ
1067 2250 1184 2342 ἄρτιός

156 2360 255 2425 ἐστιν.

221 2461 310 2530 Ἐπεὶ
333 2459 397 2547 γὰρ
422 2457 440 2528 6
464 2470 496 2528 A
519 2459 580 2529 τὸν
603 2468 632 2529 Β
655 2459 950 2540 πολλαπλασιάσας
971 2457 1034 2529 τὸν
1066 2469 1102 2530 Γ
1125 2489 1181 2532 πε-

103 2586 137 2635 20
156 2575 309 2654 ποίηιιεν,
333 2566 351 2635 6
376 2573 408 2634 Γ
427 2565 493 2653 ἄρα
517 2567 686 2655 σύγκειται
710 2570 745 2636 ἐκ
767 2566 941 2635 τοσούτων
964 2574 1053 2636 ἴσων
1072 2575 1123 2664 τῷ
1142 2579 1183 2657 Β,

157 2675 234 2741 ὅσαι
258 2674 344 2740 εἰσὶν
369 2676 405 2741 ἐν
429 2677 475 2766 τῷ
500 2683 532 2741 A
555 2675 708 2761 μονάδες.
753 2679 813 2741 καί
834 2675 924 2741 ἐστιν
947 2669 965 2741 6
990 2681 1019 2741 Β
1045 2675 1181 2765 ἄρτιος·

157 2777 175 2846 6
204 2785 236 2846 Γ
259 2779 324 2865 ἄρα
353 2779 523 2867 σύγκειται
552 2782 584 2861 ἐξ
612 2777 747 2867 ἀρτίων.
793 2777 852 2848 ἐὰν
881 2778 918 2847 δὲ
941 2777 1055 2867 ἄρτιοι
1081 2782 1184 2872 ἀριθ-

156 2884 213 2969 μοὶ
233 2882 417 2952 ὁποσοιοῦν
442 2890 666 2972 συντεθῶσιν,
690 2883 708 2954 6
733 2884 812 2966 ὅλος
835 2883 950 2972 ἄρτιός
973 2887 1079 2956 ἐστιν.
1124 2889 1184 2979 ἅρ-

155 3017 226 3070 τιος
248 2989 314 3078 ἄρα
339 2991 429 3059 ἐστὶν
453 2989 471 3058 6
496 2997 536 3058 Γ·
561 2989 641 3080 ὅπερ
666 2996 734 3060 ἔδει
758 2993 873 3072 δεῖξαι.

227 3164 415 3240 2.,ἕστιν]Ρ
435 3185 525 3238 comp.
545 3168 579 3237 Ἐς
600 3164 658 3224 ἔστι
677 3169 733 3237 Vq
799 3175 823 3224 4.
845 3168 908 3240 ΓΑ]
928 3172 983 3222 ΑΓ
998 3169 1089 3240 BVq.
1160 3181 1186 3231 7,

273 3236 349 3295 ἐστιν
368 3257 459 3309 comp.
478 3241 507 3294 F.
579 3246 603 3296 9.
624 3236 688 3312 ὁ](
678 3241 750 3310 (Jalt
740 3242 823 3310 )0m.
844 3258 912 3365 qm
931 3189 1186 3382 ξηεθεᾳοοιῒέ

157 3239 252 3310 ἔσται]

157 3318 199 3366 10.
219 3311 291 3400 γάρ]
311 3329 365 3366 om
385 3311 415 3367 P
487 3306 581 3398 ἄρα]
601 3330 653 3367 om.
673 3330 700 3400 q.
793 3318 834 3365 12.

157 3380 216 3436 ἔστι
239 3381 271 3436 δὲ
296 3383 343 3438 καλ
368 3378 457 3452 μονὰς
480 3378 497 3450 ἡ
519 3388 581 3468 AA.
673 3381 729 3449 ἄρα
748 3378 824 3438 ἐστίν
841 3382 876 3437 V
968 3387 1010 3437 14.
1030 3386 1186 3461 περισσός]

156 3453 289 3521 supraF.
363 3461 405 3509 16.
424 3450 556 3521 περισσὸς
574 3475 628 3524 γαρ
649 3450 791 3526 ἀριθμός]
811 3449 935 3524 αρνθμὸς
952 3448 1058 3523 γῦρΓ.
1140 3467 1186 3516 23

155 3524 327 3578 τεθῶσινΡ.
402 3519 434 3593 6]
456 3541 509 3578 om.
529 3543 555 3593 q.
