2446 3938
376 194 652 246 amarmuroauu
668 195 778 246 maara
795 196 856 247 vn.
1061 194 1126 259 195

109 335 259 418 metitur,
290 335 389 400 etiam
416 339 456 400 H
474 336 609 400 matiaur
632 340 704 402 BE.
749 359 863 402 uerum
892 338 991 402 etiam
1018 342 1126 404 totum

109 445 175 505 BA
204 441 346 506 metitur.
403 464 502 527 quare
536 442 636 506 etiam
667 442 828 525 reliquum
859 447 929 507 ΑΕ
963 445 1124 510 metietur.

111 547 167 612 sed
189 551 260 611 ΑΕ
281 547 414 612 metitur
437 551 512 612 AZ.
560 569 659 632 quare
687 548 788 613 eriam
810 552 850 613 H
873 549 1026 615 metietur
1049 555 1125 616 ΔΖ.

108 675 222 719 uerum
251 653 350 718 etiam
378 656 485 718 totum
516 657 587 718 ΔΓ
608 655 752 718 metiaur.
796 675 896 738 quare
924 655 1023 720 etiam
1051 657 1124 720 reli-

108 782 208 844 quum
236 761 297 823 ΓΖ
325 759 479 824 metietur
507 761 610 824 maior
638 761 809 845 minorem3
841 760 927 845 quod
957 759 1028 824 fieri
1058 783 1125 826 non

107 868 227 949 potest.
269 886 346 950 ergo
365 887 518 931 numeros
537 871 613 946 AB,
634 870 695 932 ΓΔ
713 889 779 932 non
798 867 952 931 meriatur
970 887 1124 931 numerus

106 972 210 1037 maior
232 992 366 1036 numero
390 973 460 1036 ΓΖ.
507 993 585 1057 argo
608 975 669 1037 ΓΖ
697 973 839 1036 maxima
868 975 918 1036 eat
941 964 1123 1038 communis

108 1100 260 1142 mensura
282 1099 489 1142 numerorum
512 1084 591 1163 AB,
612 1082 681 1144 ΓΔ.

475 1284 748 1357 Corollarium.

174 1413 260 1480 Hinc
288 1416 497 1481 manifestum
526 1420 587 1500 esa,
620 1416 648 1479 si
675 1436 827 1480 numerus
856 1414 936 1480 duos
968 1436 1122 1480 numeros

108 1520 273 1605 metiatur,
316 1544 388 1587 eum
430 1523 527 1587 etiam
570 1523 745 1588 maximam
783 1543 894 1587 eorum
935 1542 1122 1587 mensuram

105 1647 309 1691 communem
341 1651 529 1694 mensurum
562 1627 669 1714 asae.¹)
701 1665 738 1674 —
770 1628 857 1712 quod
890 1631 959 1692 erar
991 1629 1122 1694 demon·

106 1733 283 1798 strandum.

584 1856 642 1921 III.

171 1978 265 2045 Daris
284 1981 388 2046 tribus
407 1980 551 2046 numeris
570 2002 637 2045 non
654 1980 769 2064 primis
789 1980 875 2043 inter
894 2001 928 2044 aa
946 1983 1122 2046 maximam

107 2107 295 2150 mensuram
318 2108 522 2153 communem
546 2086 702 2150 inuenire.

628 2189 702 2256 sint
724 2194 791 2255 tres
815 2192 942 2256 numeri
962 2190 1030 2256 dati
1052 2213 1120 2256 non

559 2299 656 2384 primi
669 2299 756 2362 inter
771 2318 805 2361 se
819 2302 862 2379 A,
876 2300 915 2382 B,
929 2300 967 2363 Γ.
991 2301 1121 2382 oporteu

280 2423 299 2430 “
476 2457 495 2464 -
557 2405 659 2491 igitur
699 2425 907 2468 numerorum
943 2409 992 2486 A,
1020 2408 1064 2488 B,
1092 2407 1124 2468 Γ

257 2432 297 2686 Γ]
351 2528 369 2536 ·
404 2493 423 2500 ’
497 2549 518 2598 Ζ
559 2512 733 2576 maximam
766 2531 949 2575 mensuram
978 2531 1120 2575 commu-

208 2679 226 2685 -
325 2537 369 2687 A]
557 2640 632 2682 nem
655 2617 812 2682 inuenire.

169 2729 315 2789 sumatur
343 2727 430 2790 enim
454 2725 589 2790 duorum
612 2746 821 2790 numerorum
848 2729 895 2807 A,
919 2727 948 2788 Β
979 2721 1119 2786 maxima

102 2849 254 2893 mensura
277 2831 455 2895 communis
481 2835 514 2893 A
538 2833 642 2914 [prop.
660 2829 718 2911 II].
764 2835 797 2893 A
821 2829 923 2914 igitur
946 2832 1003 2892 aut
1024 2829 1119 2894 meti-

101 2937 155 2996 tur
192 2935 224 2996 Γ
257 2937 314 2998 aut
344 2956 410 2999 non
442 2936 586 3000 metitur·
639 2935 729 3019 prius
765 2936 928 3000 metiatur.
984 2936 1118 2999 metitur

102 3044 211 3103 autem
237 3039 337 3104 etiam
361 3045 402 3124 A,
420 3045 459 3113 B.
502 3046 536 3104 Λ
558 3041 661 3126 igitur
682 3061 835 3104 numeros
859 3047 902 3124 A,
920 3044 958 3122 B,
977 3043 1009 3104 Γ
1027 3041 1118 3103 mati·

174 3271 199 3337 1)
218 3267 292 3321 Nam
317 3271 347 3320 H
367 3269 397 3321 et
419 3271 484 3337 AB,
510 3269 561 3320 ΓΔ
584 3268 614 3320 er
638 3281 813 3320 communem
842 3281 937 3320 eorum
959 3279 1117 3321 mensuram

102 3339 252 3393 maximam
275 3341 326 3393 ΓΖ
344 3337 460 3394 metitur
479 3341 517 3408 (p.
539 3343 603 3405 194,
622 3339 658 3406 5).
