2446 3938
143 176 208 242 126
520 178 722 229 nomm
741 174 782 230 ς’.
800 253 804 261 Ι

142 325 181 386 Η
208 323 248 406 τῇ
281 317 343 404 μὲν
377 316 442 386 ὑπὸ
473 325 576 385 ΔΖΕ
600 323 708 407 γωνία
736 326 792 404 ἴση
822 313 844 404 ἡ
872 316 938 386 ὑπὸ
967 324 1088 404 ΒΗΘ,
1120 323 1161 408 τῇ

143 424 180 491 δὲ
204 420 270 492 ὑπὸ
295 430 399 492 ΖΔΕ
424 431 479 510 ἴση
507 420 528 510 ἡ
555 421 622 491 ὑπὸ
650 429 761 491 ΗΒΘ.
807 423 907 512 λοιπὴ
930 423 998 514 ἄρα
1024 422 1046 512 ἡ
1074 423 1162 515 πρὸς

142 534 187 620 τῷ
212 538 244 598 Ε
263 536 363 619 λοιπῇ
386 535 426 620 τῇ
448 528 533 619 πρὸς
553 534 600 621 τῷ
624 537 653 596 Θ
676 533 767 598 ἐστιν
790 539 860 618 ἴση·
885 531 1069 618 ἰσογώνιον
1092 531 1161 620 ἄρα

143 637 213 704 ἐστὶ
235 636 274 706 τὸ
294 646 399 706 ΖΔΕ
418 643 585 725 τρίγωνον
608 641 654 728 τῷ
673 638 961 746 ΗΘΒχτριγοίνςο·
984 635 1160 726 ἀνάλογον

112 748 128 797 5
148 741 221 832 ἄρα·
237 744 328 812 ἐστὶν
351 741 396 823 ὥς
420 741 441 830 ἡ
461 751 529 810 ΖΔ
546 742 629 832 πρὸς
646 743 710 830 την
726 750 808 830 ΗΒ,
827 743 933 825 οὕτως
951 742 973 832 ἡ
992 752 1058 812 ΖΕ
1073 743 1161 834 πρὸς

142 848 204 937 τὴν
231 857 301 918 ΗΘ
332 850 388 917 καῖ
421 847 538 936 ἡΕΔ
560 848 645 938 πρὸς
666 848 729 937 τὴν
752 858 824 919 ΘΒ.
874 854 1011 940 ἐδείχθη
1040 852 1079 920 δὲ
1101 852 1158 919 καὶ

143 955 189 1038 ὡς
211 954 231 1044 η
257 964 325 1024 ΖΔ
346 955 432 1044 πρὸς
454 955 516 1042 τὴν
535 963 615 1042 ΗΒ,
639 957 746 1036 οὕτως
768 954 789 1045 ἡ
810 962 876 1024 ΖΓ
895 956 982 1045 πρὸς
998 956 1063 1045 τὴν
1086 964 1160 1026 ΗΑ

142 1065 198 1131 καὶ
232 1061 253 1150 ἡ
282 1069 345 1131 ΓΔ
371 1061 455 1151 πρὸς
482 1061 543 1150 τὴν
571 1071 651 1131 ΑΒ·
683 1064 739 1131 καὶ
770 1061 815 1144 ὡς
842 1062 909 1150 ἄρα
936 1061 957 1151 ἡ
986 1069 1052 1132 ΖΓ
1073 1062 1161 1153 πρὸς

142 1170 204 1256 την
228 1176 315 1256 ΑΗ,
345 1167 451 1249 οὕτως
478 1167 500 1255 ἥ
527 1195 562 1237 τε
585 1175 648 1237 ΓΔ
670 1167 754 1256 πρὸς
780 1167 842 1256 τὴν
866 1178 932 1237 ΑΒ
960 1170 1017 1237 καὶ
1044 1167 1066 1256 ἡ
1095 1177 1162 1237 ΖΕ

91 1288 124 1338 10
143 1276 227 1365 πρὸς
264 1274 326 1363 τὴν
359 1282 428 1342 ΗΘ
463 1275 519 1342 καὶ
547 1280 594 1343 ἔτι
623 1273 644 1361 ἡ
678 1283 746 1342 ΕΔ
772 1275 856 1365 πρὸς
886 1275 949 1363 τὴν
983 1283 1056 1344 ΘΒ.
1101 1275 1159 1344 καὶ

143 1383 211 1451 ἐπεὶ
237 1391 292 1468 ἴση
317 1382 407 1450 ἐστὶν
430 1378 452 1467 ἡ
476 1380 538 1468 μὲν
560 1379 628 1449 ὐπὸ
648 1387 748 1448 ΓΖΔ
770 1389 877 1468 γωνία
896 1388 934 1473 τῇ
954 1381 1020 1451 ὑπὸ
1039 1389 1158 1470 ΑΗΒ,

143 1486 163 1574 ἡ
188 1487 226 1555 δὲ
244 1485 310 1555 ὑπὸ
335 1494 439 1553 ΔΖΕ
459 1491 500 1575 τῇ
524 1484 590 1554 ὑπὸ
615 1493 727 1572 ΒΗΘ,
751 1488 813 1574 ὅλη
836 1487 902 1576 ἄρα
924 1486 946 1575 ἡ
969 1487 1036 1557 ὑπὸ
1060 1496 1163 1557 ΓΖΒ

144 1593 205 1681 ὅλη
233 1597 273 1683 τῇ
300 1590 367 1661 ὑπὸ
397 1599 504 1660 ΑΗΘ
537 1596 627 1662 ἐστιν
660 1602 725 1679 ἴση.
767 1592 823 1662 διὰ
851 1593 892 1661 τὰ
920 1593 1006 1663 αὐτὰ
1034 1594 1077 1682 δὴ
1101 1595 1159 1663 καὶ

144 1695 251 1787 ἡύπὸ
271 1704 375 1766 ΓΔΕ
390 1703 430 1787 τῇ
454 1696 520 1768 ὑπὸ
545 1706 648 1766 ΑΒΘ
670 1702 760 1767 ἐστιν
784 1708 850 1786 ἴση.
894 1705 963 1768 ἔστι
994 1701 1033 1769 δὲ
1054 1702 1112 1769 καὶ
1135 1699 1158 1789 ἡ

93 1816 125 1866 15
147 1805 209 1894 μὲν
232 1803 315 1894 πρὸς
338 1809 384 1898 τῷ
407 1810 497 1894 Γτῇ
520 1803 604 1892 πρὸς
627 1808 672 1898 τῷ
696 1814 728 1872 A
751 1814 823 1893 ἴση,
850 1804 871 1893 ἡ
896 1807 933 1875 δὲ
956 1806 1040 1897 πρὸς
1061 1812 1109 1902 τῷ
1128 1816 1163 1876 E

143 1915 182 2001 τῇ
206 1910 289 2000 πρὸς
311 1915 356 2004 τῷ
381 1919 418 1981 Θ.
461 1912 641 2000 ἰσογώνιον
670 1910 735 1999 ίίρα
764 1913 832 1980 ἐστὶ
859 1911 898 1981 τὸ
921 1921 989 1981 ΑΘ
1009 1917 1055 2007 τῷ
1079 1920 1159 1983 ΓΕ·

143 2017 198 2084 καὶ
217 2017 275 2098 τὰς
288 2019 363 2107 περὶ
377 2016 436 2099 τὰς
456 2027 529 2099 ἴσας
546 2025 672 2105 γωνίας
691 2016 804 2086 αὐτῶν
822 2016 967 2107 πλευρὰς
985 2015 1160 2107 ἀνάλογον

142 2128 221 2212 ἔχει·
253 2115 372 2213 ὅμοιον
405 2121 472 2213 ἄρα
504 2125 573 2192 ἐστὶ
601 2123 638 2192 τὸ
663 2132 729 2192 ΑΘ
752 2123 995 2213 εὐθύγραμμον
1022 2130 1069 2215 τῷ
1093 2132 1162 2195 ΓΕ

144 2229 381 2322 εὐθυγράμμῳ.

90 2347 125 2397 20
208 2333 286 2406 Ἀπὸ
314 2342 373 2424 τῆς
400 2340 560 2420 δοθείσης
587 2332 652 2422 ἄρα
680 2333 815 2416 εὐθείας
842 2340 902 2423 της
929 2345 994 2404 ΑΒ
1021 2344 1067 2427 τῷ
1102 2345 1161 2410 θο-

143 2446 239 2510 θέντι
263 2440 492 2530 εὐθυγράμμῳ
516 2443 561 2530 τῷ
581 2445 646 2506 ΓΕ
663 2439 783 2527 ὅμοιόν
806 2442 920 2509 τεκαὶ
944 2438 1068 2529 ὁμοίως
1090 2453 1159 2515 κεί-

143 2575 247 2637 μενον
271 2546 514 2635 εὐθύγραμμον
538 2544 785 2635 ἀναγέγραπται
808 2545 846 2614 τὸ
872 2555 950 2615 ΑΘ·
984 2546 1065 2640 ὅπερ
1088 2557 1159 2622 ἔδει

143 2661 289 2743 ποιησαι.
1038 2648 1040 2652 ’

622 2776 683 2846 ιθ’.

90 2910 124 2963 2⁶
214 2900 266 2969 Τὰ
295 2899 413 2988 ὅμοια
440 2904 615 2990 τρίγωνα
642 2901 738 2990 πρὸς
765 2901 916 2990 ἄλληλα
945 2905 986 2971 ἑν
1018 2907 1159 2974 διπλα-

144 3012 251 3076 σίονι
273 3008 375 3102 λόγῳ
395 3009 478 3077 ἐστὶ
500 3011 577 3078 τῶν
601 3005 808 3096 ὁμολόγων
832 3013 1022 3098 πλευρῶν.

142 3153 356 3166 ——u-

214 3205 278 3260 XIX
297 3207 393 3262 coroll.
411 3205 585 3284 Philoponus
605 3205 635 3259 in
649 3206 722 3260 anal.
736 3207 809 3275 post.
827 3211 909 3262 117v.
946 3205 1056 3261 Psellus
1070 3225 1097 3277 p.
1114 3211 1159 3262 57.

217 3371 239 3420 1.
260 3367 372 3492 3110ss
383 3361 524 3421 ”ΒἨ’”Θ
542 3366 572 3419 F.
645 3373 670 3422 2.
689 3360 763 3437 ὑπό]
784 3382 838 3420 om.
853 3364 907 3435 Bp.
981 3365 1039 3436 ἴση]
1055 3381 1110 3420 om.
1126 3366 1159 3421 B.

179 3441 204 3491 4.
223 3437 326 3505 ΗΘΒ]
376 3436 411 3503 Β;
435 3438 523 3491 ΗΒΘ
542 3437 577 3507 Β,
601 3437 627 3491 V
646 3454 661 3492 e
681 3455 749 3492 corr.
768 3455 805 3490 m.
825 3443 854 3504 2,
878 3454 897 3506 p
917 3453 985 3491 corr.
1012 3453 1046 3490 ex
1065 3438 1159 3491 ΗΘΘ

71 3564 75 3575 ,
143 3524 181 3563 m.
201 3513 224 3564 1.
307 3513 332 3563 ὁ.
351 3507 420 3579 ΖΔ]
441 3511 494 3561 ΔΖ
512 3507 543 3563 P.
626 3509 693 3579 ZE]
712 3508 742 3562 in
759 3525 814 3562 ras.
833 3526 869 3562 m.
890 3514 905 3562 2
925 3508 959 3562 V.
1034 3514 1057 3562 6.
1078 3508 1158 3580 ΗΘ]

63 3560 139 3718 k
