<?xml version="1.0" encoding="UTF-8"?>
<!DOCTYPE html PUBLIC "-//W3C//DTD XHTML 1.0 Transitional//EN"
    "http://www.w3.org/TR/xhtml1/DTD/xhtml1-transitional.dtd">
<html xmlns="http://www.w3.org/1999/xhtml" xml:lang="en" lang="en">
 <head>
  <title>
</title>
<meta http-equiv="Content-Type" content="text/html;charset=utf-8" />
  <meta name='ocr-system' content='tesseract 3.04.00' />
  <meta name='ocr-capabilities' content='ocr_page ocr_carea ocr_par ocr_line ocrx_word'/>
</head>
<body>
  <div class='ocr_page' id='page_1' title='image "./euclidisoperaom19unkngoog_0333.png"; bbox 0 0 2446 3938; ppageno 0'>
   <div class='ocr_carea' id='block_1_1' title="bbox 110 196 749 266">
    <p class='ocr_par' dir='ltr' id='par_1_1' title="bbox 110 196 749 266">
     <span class='ocr_line' id='line_1_1' title="bbox 110 196 749 266; baseline -0.016 -3"><span class='ocrx_word' id='word_1_1' title='bbox 110 199 177 263; x_wconf 86' lang='lat'><strong><em>304</em></strong></span> <span class='ocrx_word' id='word_1_2' title='bbox 488 199 691 252; x_wconf 57' lang='lat' dir='ltr'><strong><em>mmmm</em></strong></span> <span class='ocrx_word' id='word_1_3' title='bbox 708 196 749 266; x_wconf 77' lang='grc' dir='ltr'><strong><em>η’.</em></strong></span> 
     </span>
    </p>
   </div>
   <div class='ocr_carea' id='block_1_2' title="bbox 55 338 1216 1912">
    <p class='ocr_par' dir='ltr' id='par_1_2' title="bbox 108 338 1216 745">
     <span class='ocr_line' id='line_1_2' title="bbox 172 338 1216 427; baseline 0.002 -20"><span class='ocrx_word' id='word_1_4' title='bbox 172 342 207 407; x_wconf 88' lang='grc' dir='ltr'><em>Ὁ</em></span> <span class='ocrx_word' id='word_1_5' title='bbox 234 348 266 408; x_wconf 91' lang='grc' dir='ltr'>Γ</span> <span class='ocrx_word' id='word_1_6' title='bbox 288 339 353 427; x_wconf 81' lang='grc' dir='ltr'><strong><em>γάρ</em></strong></span> <span class='ocrx_word' id='word_1_7' title='bbox 380 338 441 409; x_wconf 87' lang='grc' dir='ltr'><strong><em>τὸν</em></strong></span> <span class='ocrx_word' id='word_1_8' title='bbox 465 348 499 407; x_wconf 96' lang='lat' dir='ltr'><em>A</em></span> <span class='ocrx_word' id='word_1_9' title='bbox 521 338 814 419; x_wconf 79' lang='grc' dir='ltr'><strong><em>πολλαπλασιάσας</em></strong></span> <span class='ocrx_word' id='word_1_10' title='bbox 842 338 905 407; x_wconf 89' lang='grc' dir='ltr'><strong><em>τὸν</em></strong></span> <span class='ocrx_word' id='word_1_11' title='bbox 928 346 962 407; x_wconf 91' lang='grc' dir='ltr'><em>Ε</em></span> <span class='ocrx_word' id='word_1_12' title='bbox 982 346 1136 409; x_wconf 82' lang='grc' dir='ltr'><strong><em>ποιείτω.</em></strong></span> <span class='ocrx_word' id='word_1_13' title='bbox 1212 376 1216 401; x_wconf 82' lang='grc' dir='ltr'><strong><em>ι</em></strong></span> 
     </span>
     <span class='ocr_line' id='line_1_3' title="bbox 108 443 1137 535; baseline 0.002 -22"><span class='ocrx_word' id='word_1_14' title='bbox 108 448 165 513; x_wconf 79' lang='grc' dir='ltr'><strong><em>καὶ</em></strong></span> <span class='ocrx_word' id='word_1_15' title='bbox 199 447 268 515; x_wconf 77' lang='grc' dir='ltr'><strong><em>ἐπεὶ</em></strong></span> <span class='ocrx_word' id='word_1_16' title='bbox 299 446 508 535; x_wconf 79' lang='grc' dir='ltr'><strong><em>τετράγωνός</em></strong></span> <span class='ocrx_word' id='word_1_17' title='bbox 540 448 630 513; x_wconf 78' lang='grc' dir='ltr'><strong><em>ἐστιν</em></strong></span> <span class='ocrx_word' id='word_1_18' title='bbox 659 444 677 513; x_wconf 92' lang='lat'><em>6</em></span> <span class='ocrx_word' id='word_1_19' title='bbox 707 455 754 532; x_wconf 99' lang='lat' dir='ltr'><em>A,</em></span> <span class='ocrx_word' id='word_1_20' title='bbox 787 443 914 533; x_wconf 77' lang='grc' dir='ltr'><strong><em>πλευρὰ</em></strong></span> <span class='ocrx_word' id='word_1_21' title='bbox 947 444 988 513; x_wconf 65' lang='grc' dir='ltr'><strong><em>δὲ</em></strong></span> <span class='ocrx_word' id='word_1_22' title='bbox 1023 444 1137 515; x_wconf 82' lang='grc' dir='ltr'><strong><em>αὐτοῦ</em></strong></span> 
     </span>
     <span class='ocr_line' id='line_1_4' title="bbox 110 549 1137 637; baseline 0.003 -18"><span class='ocrx_word' id='word_1_23' title='bbox 110 554 200 620; x_wconf 80' lang='grc' dir='ltr'><strong><em>ἐστιν</em></strong></span> <span class='ocrx_word' id='word_1_24' title='bbox 229 551 247 620; x_wconf 93' lang='lat'><em>6</em></span> <span class='ocrx_word' id='word_1_25' title='bbox 272 558 314 637; x_wconf 98' lang='grc' dir='ltr'>Γ,</span> <span class='ocrx_word' id='word_1_26' title='bbox 339 552 357 619; x_wconf 93' lang='lat'><em>6</em></span> <span class='ocrx_word' id='word_1_27' title='bbox 382 558 414 619; x_wconf 92' lang='grc' dir='ltr'>Γ</span> <span class='ocrx_word' id='word_1_28' title='bbox 440 550 506 635; x_wconf 85' lang='grc' dir='ltr'><strong><em>άρα</em></strong></span> <span class='ocrx_word' id='word_1_29' title='bbox 534 549 656 619; x_wconf 77' lang='grc' dir='ltr'><strong><em>ἑαυτὸν</em></strong></span> <span class='ocrx_word' id='word_1_30' title='bbox 683 549 979 630; x_wconf 79' lang='grc' dir='ltr'><strong><em>πολλαπλασιάσας</em></strong></span> <span class='ocrx_word' id='word_1_31' title='bbox 1008 551 1076 621; x_wconf 85' lang='grc' dir='ltr'><strong><em>τὸν</em></strong></span> <span class='ocrx_word' id='word_1_32' title='bbox 1104 562 1137 621; x_wconf 88' lang='lat' dir='ltr'><em>A</em></span> 
     </span>
     <span class='ocr_line' id='line_1_5' title="bbox 109 654 1137 745; baseline 0.001 -19"><span class='ocrx_word' id='word_1_33' title='bbox 109 665 296 745; x_wconf 78' lang='grc' dir='ltr'><strong><em>πεποίηκεν.</em></strong></span> <span class='ocrx_word' id='word_1_34' title='bbox 343 656 399 725; x_wconf 87' lang='grc' dir='ltr'><strong><em>διά</em></strong></span> <span class='ocrx_word' id='word_1_35' title='bbox 426 654 467 723; x_wconf 87' lang='grc' dir='ltr'><strong><em>τά</em></strong></span> <span class='ocrx_word' id='word_1_36' title='bbox 495 655 579 724; x_wconf 89' lang='grc' dir='ltr'><strong><em>αύτά</em></strong></span> <span class='ocrx_word' id='word_1_37' title='bbox 610 656 652 744; x_wconf 82' lang='grc' dir='ltr'><strong><em>δὴ</em></strong></span> <span class='ocrx_word' id='word_1_38' title='bbox 681 658 737 724; x_wconf 83' lang='grc' dir='ltr'><strong><em>καὶ</em></strong></span> <span class='ocrx_word' id='word_1_39' title='bbox 760 656 779 725; x_wconf 97' lang='lat'><em>6</em></span> <span class='ocrx_word' id='word_1_40' title='bbox 803 666 837 725; x_wconf 93' lang='lat' dir='ltr'><em>A</em></span> <span class='ocrx_word' id='word_1_41' title='bbox 859 655 983 725; x_wconf 82' lang='grc' dir='ltr'><strong><em>ἑαυτὸν</em></strong></span> <span class='ocrx_word' id='word_1_42' title='bbox 1008 666 1137 727; x_wconf 86' lang='grc' dir='ltr'><strong><em>πολλα-</em></strong></span> 
     </span>
    </p>

    <p class='ocr_par' dir='ltr' id='par_1_3' title="bbox 76 757 1136 1275">
     <span class='ocr_line' id='line_1_6' title="bbox 76 757 1136 853; baseline 0.008 -26"><span class='ocrx_word' id='word_1_43' title='bbox 76 766 297 844; x_wconf 79' lang='grc' dir='ltr'><strong><em>σπλασιάσας</em></strong></span> <span class='ocrx_word' id='word_1_44' title='bbox 319 763 378 832; x_wconf 89' lang='grc' dir='ltr'><strong><em>τὸν</em></strong></span> <span class='ocrx_word' id='word_1_45' title='bbox 403 772 431 831; x_wconf 88' lang='grc' dir='ltr'><strong><em>Β</em></strong></span> <span class='ocrx_word' id='word_1_46' title='bbox 454 770 641 850; x_wconf 81' lang='grc' dir='ltr'><strong><em>πεποίηκεν.</em></strong></span> <span class='ocrx_word' id='word_1_47' title='bbox 688 766 757 832; x_wconf 81' lang='grc' dir='ltr'><strong><em>ἐπεὶ</em></strong></span> <span class='ocrx_word' id='word_1_48' title='bbox 781 757 844 832; x_wconf 82' lang='grc' dir='ltr'><strong><em>οὖν</em></strong></span> <span class='ocrx_word' id='word_1_49' title='bbox 867 761 886 831; x_wconf 95' lang='lat'><em>6</em></span> <span class='ocrx_word' id='word_1_50' title='bbox 909 769 942 830; x_wconf 92' lang='grc' dir='ltr'>Γ</span> <span class='ocrx_word' id='word_1_51' title='bbox 966 763 1136 853; x_wconf 80' lang='grc' dir='ltr'><strong><em>ἑκάτερον</em></strong></span> 
     </span>
     <span class='ocr_line' id='line_1_7' title="bbox 108 869 1136 957; baseline 0 -18"><span class='ocrx_word' id='word_1_52' title='bbox 108 876 177 939; x_wconf 79' lang='grc' dir='ltr'><strong><em>τῶν</em></strong></span> <span class='ocrx_word' id='word_1_53' title='bbox 209 879 251 957; x_wconf 92' lang='grc' dir='ltr'>Γ,</span> <span class='ocrx_word' id='word_1_54' title='bbox 272 881 304 938; x_wconf 92' lang='lat' dir='ltr'><em>A</em></span> <span class='ocrx_word' id='word_1_55' title='bbox 331 869 625 949; x_wconf 80' lang='grc' dir='ltr'><strong><em>πολλαπλασιάσας</em></strong></span> <span class='ocrx_word' id='word_1_56' title='bbox 654 869 811 957; x_wconf 82' lang='grc' dir='ltr'><strong><em>ἑκάτερον</em></strong></span> <span class='ocrx_word' id='word_1_57' title='bbox 842 873 912 937; x_wconf 80' lang='grc' dir='ltr'><strong><em>τάν</em></strong></span> <span class='ocrx_word' id='word_1_58' title='bbox 941 877 989 953; x_wconf 92' lang='lat' dir='ltr'><em>A,</em></span> <span class='ocrx_word' id='word_1_59' title='bbox 1010 876 1046 936; x_wconf 85' lang='lat' dir='ltr'><strong><em>E</em></strong></span> <span class='ocrx_word' id='word_1_60' title='bbox 1076 898 1136 939; x_wconf 82' lang='grc' dir='ltr'><strong><em>πε·</em></strong></span> 
     </span>
     <span class='ocr_line' id='line_1_8' title="bbox 108 973 1134 1063; baseline 0.002 -19"><span class='ocrx_word' id='word_1_61' title='bbox 108 983 261 1063; x_wconf 84' lang='grc' dir='ltr'><strong><em>ποίηκεν,</em></strong></span> <span class='ocrx_word' id='word_1_62' title='bbox 295 982 385 1044; x_wconf 86' lang='grc' dir='ltr'><strong><em>ἔστιν</em></strong></span> <span class='ocrx_word' id='word_1_63' title='bbox 413 975 478 1062; x_wconf 81' lang='grc' dir='ltr'><strong><em>άρα</em></strong></span> <span class='ocrx_word' id='word_1_64' title='bbox 507 976 553 1055; x_wconf 81' lang='grc' dir='ltr'><strong><em>ὡς</em></strong></span> <span class='ocrx_word' id='word_1_65' title='bbox 580 974 598 1044; x_wconf 94' lang='lat'><em>6</em></span> <span class='ocrx_word' id='word_1_66' title='bbox 627 982 659 1043; x_wconf 90' lang='grc' dir='ltr'><strong>Γ</strong></span> <span class='ocrx_word' id='word_1_67' title='bbox 686 974 770 1063; x_wconf 80' lang='grc' dir='ltr'><strong><em>πρὸς</em></strong></span> <span class='ocrx_word' id='word_1_68' title='bbox 796 978 858 1043; x_wconf 89' lang='grc' dir='ltr'><strong><em>τὸν</em></strong></span> <span class='ocrx_word' id='word_1_69' title='bbox 886 983 934 1059; x_wconf 92' lang='lat' dir='ltr'><em>A,</em></span> <span class='ocrx_word' id='word_1_70' title='bbox 968 973 1085 1057; x_wconf 76' lang='grc' dir='ltr'><strong><em>οὕτως</em></strong></span> <span class='ocrx_word' id='word_1_71' title='bbox 1114 1005 1134 1046; x_wconf 95' lang='grc' dir='ltr'><strong><em>ο</em></strong></span> 
     </span>
     <span class='ocr_line' id='line_1_9' title="bbox 108 1079 1136 1171; baseline 0.001 -20"><span class='ocrx_word' id='word_1_72' title='bbox 108 1094 141 1152; x_wconf 90' lang='lat' dir='ltr'><em>A</em></span> <span class='ocrx_word' id='word_1_73' title='bbox 168 1082 252 1169; x_wconf 81' lang='grc' dir='ltr'><strong><em>πρὸς</em></strong></span> <span class='ocrx_word' id='word_1_74' title='bbox 278 1082 338 1150; x_wconf 84' lang='grc' dir='ltr'><strong><em>τὸν</em></strong></span> <span class='ocrx_word' id='word_1_75' title='bbox 367 1091 405 1151; x_wconf 90' lang='grc' dir='ltr'><strong><em>Ε.</em></strong></span> <span class='ocrx_word' id='word_1_76' title='bbox 451 1082 507 1150; x_wconf 86' lang='grc' dir='ltr'><strong><em>διά</em></strong></span> <span class='ocrx_word' id='word_1_77' title='bbox 534 1082 575 1149; x_wconf 87' lang='grc' dir='ltr'><strong><em>τά</em></strong></span> <span class='ocrx_word' id='word_1_78' title='bbox 604 1079 689 1149; x_wconf 87' lang='grc' dir='ltr'><strong><em>αύτά</em></strong></span> <span class='ocrx_word' id='word_1_79' title='bbox 718 1080 760 1167; x_wconf 82' lang='grc' dir='ltr'><strong><em>δὴ</em></strong></span> <span class='ocrx_word' id='word_1_80' title='bbox 787 1080 844 1148; x_wconf 83' lang='grc' dir='ltr'><strong><em>καὶ</em></strong></span> <span class='ocrx_word' id='word_1_81' title='bbox 868 1079 955 1161; x_wconf 81' lang='grc' dir='ltr'><strong><em>άςδ</em></strong></span> <span class='ocrx_word' id='word_1_82' title='bbox 984 1087 1022 1147; x_wconf 91' lang='grc' dir='ltr'>Γ</span> <span class='ocrx_word' id='word_1_83' title='bbox 1045 1082 1136 1171; x_wconf 77' lang='grc' dir='ltr'><strong><em>πρὸς</em></strong></span> 
     </span>
     <span class='ocr_line' id='line_1_10' title="bbox 107 1184 1135 1275; baseline 0 -18"><span class='ocrx_word' id='word_1_84' title='bbox 107 1190 169 1259; x_wconf 87' lang='grc' dir='ltr'><strong><em>τὸν</em></strong></span> <span class='ocrx_word' id='word_1_85' title='bbox 197 1199 245 1274; x_wconf 96' lang='lat' dir='ltr'><em>A,</em></span> <span class='ocrx_word' id='word_1_86' title='bbox 273 1190 379 1269; x_wconf 80' lang='grc' dir='ltr'><strong><em>οὕτως</em></strong></span> <span class='ocrx_word' id='word_1_87' title='bbox 407 1189 425 1257; x_wconf 92' lang='lat'><em>6</em></span> <span class='ocrx_word' id='word_1_88' title='bbox 454 1198 485 1256; x_wconf 88' lang='grc' dir='ltr'><em>Ε</em></span> <span class='ocrx_word' id='word_1_89' title='bbox 512 1188 596 1275; x_wconf 86' lang='grc' dir='ltr'><strong><em>πρὸς</em></strong></span> <span class='ocrx_word' id='word_1_90' title='bbox 622 1187 683 1256; x_wconf 88' lang='grc' dir='ltr'><strong><em>τὸν</em></strong></span> <span class='ocrx_word' id='word_1_91' title='bbox 710 1194 748 1255; x_wconf 90' lang='grc' dir='ltr'><strong><em>Β.</em></strong></span> <span class='ocrx_word' id='word_1_92' title='bbox 793 1187 849 1254; x_wconf 77' lang='grc' dir='ltr'><strong><em>καὶ</em></strong></span> <span class='ocrx_word' id='word_1_93' title='bbox 877 1184 921 1266; x_wconf 78' lang='grc' dir='ltr'><strong><em>ὡς</em></strong></span> <span class='ocrx_word' id='word_1_94' title='bbox 949 1186 1019 1273; x_wconf 80' lang='grc' dir='ltr'><strong><em>άρα</em></strong></span> <span class='ocrx_word' id='word_1_95' title='bbox 1049 1186 1069 1256; x_wconf 91' lang='lat'><em>6</em></span> <span class='ocrx_word' id='word_1_96' title='bbox 1101 1198 1135 1257; x_wconf 89' lang='lat' dir='ltr'><em>A</em></span> 
     </span>
    </p>

    <p class='ocr_par' dir='ltr' id='par_1_4' title="bbox 55 1292 1135 1488">
     <span class='ocr_line' id='line_1_11' title="bbox 55 1292 1135 1385; baseline 0.006 -28"><span class='ocrx_word' id='word_1_97' title='bbox 55 1309 89 1357; x_wconf 90' lang='lat'><strong><em>10</em></strong></span> <span class='ocrx_word' id='word_1_98' title='bbox 107 1295 190 1381; x_wconf 87' lang='grc' dir='ltr'><strong><em>πρὸς</em></strong></span> <span class='ocrx_word' id='word_1_99' title='bbox 212 1295 274 1363; x_wconf 87' lang='grc' dir='ltr'><strong><em>τὸν</em></strong></span> <span class='ocrx_word' id='word_1_100' title='bbox 297 1304 340 1379; x_wconf 88' lang='grc' dir='ltr'><strong><em>Ε,</em></strong></span> <span class='ocrx_word' id='word_1_101' title='bbox 366 1294 472 1374; x_wconf 84' lang='grc' dir='ltr'><strong><em>οὕτως</em></strong></span> <span class='ocrx_word' id='word_1_102' title='bbox 495 1292 513 1362; x_wconf 93' lang='lat'><em>6</em></span> <span class='ocrx_word' id='word_1_103' title='bbox 538 1302 569 1360; x_wconf 86' lang='lat' dir='ltr'><em>E</em></span> <span class='ocrx_word' id='word_1_104' title='bbox 589 1292 673 1380; x_wconf 81' lang='grc' dir='ltr'><strong><em>πρὸς</em></strong></span> <span class='ocrx_word' id='word_1_105' title='bbox 694 1292 755 1361; x_wconf 89' lang='grc' dir='ltr'><strong><em>τὸν</em></strong></span> <span class='ocrx_word' id='word_1_106' title='bbox 779 1300 817 1360; x_wconf 91' lang='grc' dir='ltr'><strong><em>Β.</em></strong></span> <span class='ocrx_word' id='word_1_107' title='bbox 857 1296 927 1361; x_wconf 78' lang='grc' dir='ltr'><strong><em>τῶν</em></strong></span> <span class='ocrx_word' id='word_1_108' title='bbox 945 1301 988 1378; x_wconf 88' lang='lat' dir='ltr'><strong><em>A,</em></strong></span> <span class='ocrx_word' id='word_1_109' title='bbox 1010 1299 1042 1360; x_wconf 90' lang='grc' dir='ltr'><strong><em>Β</em></strong></span> <span class='ocrx_word' id='word_1_110' title='bbox 1062 1293 1135 1385; x_wconf 79' lang='grc' dir='ltr'><strong><em>ἄρα</em></strong></span> 
     </span>
     <span class='ocr_line' id='line_1_12' title="bbox 107 1398 764 1488; baseline -0.006 -17"><span class='ocrx_word' id='word_1_111' title='bbox 107 1398 154 1483; x_wconf 83' lang='grc' dir='ltr'><strong><em>εἷς</em></strong></span> <span class='ocrx_word' id='word_1_112' title='bbox 177 1405 277 1488; x_wconf 82' lang='grc' dir='ltr'><strong><em>μέσος</em></strong></span> <span class='ocrx_word' id='word_1_113' title='bbox 300 1399 472 1486; x_wconf 80' lang='grc' dir='ltr'><strong><em>άνάλογόν</em></strong></span> <span class='ocrx_word' id='word_1_114' title='bbox 496 1403 587 1468; x_wconf 76' lang='grc' dir='ltr'><strong><em>ἐστιν</em></strong></span> <span class='ocrx_word' id='word_1_115' title='bbox 610 1398 764 1487; x_wconf 80' lang='grc' dir='ltr'><strong><em>άριθμός.</em></strong></span> 
     </span>
    </p>

    <p class='ocr_par' dir='ltr' id='par_1_5' title="bbox 107 1504 1135 1808">
     <span class='ocr_line' id='line_1_13' title="bbox 175 1504 1134 1593; baseline 0.001 -17"><span class='ocrx_word' id='word_1_116' title='bbox 175 1510 271 1593; x_wconf 80' lang='grc' dir='ltr'><em>Λέγω</em></span> <span class='ocrx_word' id='word_1_117' title='bbox 301 1506 359 1592; x_wconf 89' lang='grc' dir='ltr'><strong><em>δή,</em></strong></span> <span class='ocrx_word' id='word_1_118' title='bbox 393 1507 444 1573; x_wconf 82' lang='grc' dir='ltr'><strong><em>ὅτι</em></strong></span> <span class='ocrx_word' id='word_1_119' title='bbox 471 1507 526 1573; x_wconf 81' lang='grc' dir='ltr'><strong><em>καὶ</em></strong></span> <span class='ocrx_word' id='word_1_120' title='bbox 555 1504 573 1574; x_wconf 94' lang='lat'><em>6</em></span> <span class='ocrx_word' id='word_1_121' title='bbox 602 1516 634 1574; x_wconf 90' lang='lat' dir='ltr'><em>A</em></span> <span class='ocrx_word' id='word_1_122' title='bbox 661 1504 745 1592; x_wconf 81' lang='grc' dir='ltr'><strong><em>πρὸς</em></strong></span> <span class='ocrx_word' id='word_1_123' title='bbox 771 1504 832 1573; x_wconf 90' lang='grc' dir='ltr'><strong><em>τὸν</em></strong></span> <span class='ocrx_word' id='word_1_124' title='bbox 860 1512 889 1571; x_wconf 90' lang='grc' dir='ltr'><strong><em>Β</em></strong></span> <span class='ocrx_word' id='word_1_125' title='bbox 921 1509 1134 1577; x_wconf 76' lang='grc' dir='ltr'><strong><em>διπλασίονα</em></strong></span> 
     </span>
     <span class='ocr_line' id='line_1_14' title="bbox 107 1610 1135 1701; baseline 0 -18"><span class='ocrx_word' id='word_1_126' title='bbox 107 1615 210 1699; x_wconf 82' lang='grc' dir='ltr'><strong><em>λόγον</em></strong></span> <span class='ocrx_word' id='word_1_127' title='bbox 242 1619 307 1699; x_wconf 82' lang='grc' dir='ltr'><strong><em>ἔχει</em></strong></span> <span class='ocrx_word' id='word_1_128' title='bbox 339 1611 423 1700; x_wconf 77' lang='grc' dir='ltr'><strong><em>ἥπερ</em></strong></span> <span class='ocrx_word' id='word_1_129' title='bbox 457 1611 473 1680; x_wconf 94' lang='lat'><em>6</em></span> <span class='ocrx_word' id='word_1_130' title='bbox 502 1619 535 1680; x_wconf 92' lang='grc' dir='ltr'>Γ</span> <span class='ocrx_word' id='word_1_131' title='bbox 558 1611 641 1700; x_wconf 80' lang='grc' dir='ltr'><strong><em>πρὸς</em></strong></span> <span class='ocrx_word' id='word_1_132' title='bbox 667 1610 727 1680; x_wconf 88' lang='grc' dir='ltr'><strong><em>τὸν</em></strong></span> <span class='ocrx_word' id='word_1_133' title='bbox 755 1621 796 1680; x_wconf 95' lang='lat' dir='ltr'><strong><em>A.</em></strong></span> <span class='ocrx_word' id='word_1_134' title='bbox 843 1612 912 1680; x_wconf 79' lang='grc' dir='ltr'><strong><em>ἐπεὶ</em></strong></span> <span class='ocrx_word' id='word_1_135' title='bbox 939 1611 1007 1698; x_wconf 78' lang='grc' dir='ltr'><strong><em>γάρ</em></strong></span> <span class='ocrx_word' id='word_1_136' title='bbox 1038 1628 1135 1701; x_wconf 75' lang='grc' dir='ltr'><strong><em>τρεῖς</em></strong></span> 
     </span>
     <span class='ocr_line' id='line_1_15' title="bbox 107 1715 1135 1808; baseline 0.001 -20"><span class='ocrx_word' id='word_1_137' title='bbox 107 1719 248 1806; x_wconf 77' lang='grc' dir='ltr'><strong><em>άριθμοὶ</em></strong></span> <span class='ocrx_word' id='word_1_138' title='bbox 272 1719 444 1805; x_wconf 83' lang='grc' dir='ltr'><strong><em>άνάλογόν</em></strong></span> <span class='ocrx_word' id='word_1_139' title='bbox 467 1724 553 1787; x_wconf 77' lang='grc' dir='ltr'><strong><em>εἰσιν</em></strong></span> <span class='ocrx_word' id='word_1_140' title='bbox 578 1723 680 1804; x_wconf 83' lang='grc' dir='ltr'><strong><em>οιΑ,</em></strong></span> <span class='ocrx_word' id='word_1_141' title='bbox 705 1726 749 1801; x_wconf 88' lang='lat' dir='ltr'><strong><em>E,</em></strong></span> <span class='ocrx_word' id='word_1_142' title='bbox 773 1725 817 1803; x_wconf 90' lang='grc' dir='ltr'><strong><em>Β,</em></strong></span> <span class='ocrx_word' id='word_1_143' title='bbox 841 1715 859 1785; x_wconf 94' lang='lat'><em>6</em></span> <span class='ocrx_word' id='word_1_144' title='bbox 884 1727 916 1785; x_wconf 89' lang='lat' dir='ltr'><em>A</em></span> <span class='ocrx_word' id='word_1_145' title='bbox 943 1716 1012 1805; x_wconf 85' lang='grc' dir='ltr'><strong><em>άρα</em></strong></span> <span class='ocrx_word' id='word_1_146' title='bbox 1042 1720 1135 1808; x_wconf 80' lang='grc' dir='ltr'><strong><em>πρὸς</em></strong></span> 
     </span>
    </p>

    <p class='ocr_par' dir='ltr' id='par_1_6' title="bbox 55 1821 1133 1912">
     <span class='ocr_line' id='line_1_16' title="bbox 55 1821 1133 1912; baseline 0.001 -18"><span class='ocrx_word' id='word_1_147' title='bbox 55 1838 87 1885; x_wconf 83' lang='lat'><strong><em>15</em></strong></span> <span class='ocrx_word' id='word_1_148' title='bbox 106 1825 166 1894; x_wconf 91' lang='grc' dir='ltr'><strong><em>τὸν</em></strong></span> <span class='ocrx_word' id='word_1_149' title='bbox 200 1834 228 1893; x_wconf 91' lang='grc' dir='ltr'><strong><em>Β</em></strong></span> <span class='ocrx_word' id='word_1_150' title='bbox 262 1832 463 1894; x_wconf 77' lang='grc' dir='ltr'><strong><em>διπλασίονα</em></strong></span> <span class='ocrx_word' id='word_1_151' title='bbox 494 1826 599 1912; x_wconf 81' lang='grc' dir='ltr'><strong><em>λόγον</em></strong></span> <span class='ocrx_word' id='word_1_152' title='bbox 630 1830 696 1911; x_wconf 82' lang='grc' dir='ltr'><strong><em>ἔχει</em></strong></span> <span class='ocrx_word' id='word_1_153' title='bbox 727 1823 811 1911; x_wconf 78' lang='grc' dir='ltr'><strong><em>ἤπερ</em></strong></span> <span class='ocrx_word' id='word_1_154' title='bbox 845 1821 863 1891; x_wconf 92' lang='lat'><em>6</em></span> <span class='ocrx_word' id='word_1_155' title='bbox 888 1832 920 1890; x_wconf 93' lang='lat' dir='ltr'><em>A</em></span> <span class='ocrx_word' id='word_1_156' title='bbox 948 1822 1038 1910; x_wconf 81' lang='grc' dir='ltr'><strong><em>πρὸς</em></strong></span> <span class='ocrx_word' id='word_1_157' title='bbox 1066 1826 1133 1895; x_wconf 85' lang='grc' dir='ltr'><strong><em>τὸν</em></strong></span> 
     </span>
    </p>
   </div>
   <div class='ocr_carea' id='block_1_3' title="bbox 105 1928 1134 2231">
    <p class='ocr_par' dir='ltr' id='par_1_7' title="bbox 105 1928 1134 2231">
     <span class='ocr_line' id='line_1_17' title="bbox 106 1928 1134 2020; baseline 0.002 -20"><span class='ocrx_word' id='word_1_158' title='bbox 106 1940 145 2001; x_wconf 89' lang='grc' dir='ltr'><strong><em>Ε.</em></strong></span> <span class='ocrx_word' id='word_1_159' title='bbox 195 1929 240 2011; x_wconf 79' lang='grc' dir='ltr'><strong><em>ὡς</em></strong></span> <span class='ocrx_word' id='word_1_160' title='bbox 272 1931 309 1999; x_wconf 74' lang='grc' dir='ltr'><strong><em>δὲ</em></strong></span> <span class='ocrx_word' id='word_1_161' title='bbox 338 1932 356 2000; x_wconf 93' lang='lat'><em>6</em></span> <span class='ocrx_word' id='word_1_162' title='bbox 388 1942 420 1999; x_wconf 93' lang='lat' dir='ltr'><em>A</em></span> <span class='ocrx_word' id='word_1_163' title='bbox 446 1930 529 2020; x_wconf 83' lang='grc' dir='ltr'><strong><em>πρὸς</em></strong></span> <span class='ocrx_word' id='word_1_164' title='bbox 555 1930 616 1998; x_wconf 89' lang='grc' dir='ltr'><strong><em>τὸν</em></strong></span> <span class='ocrx_word' id='word_1_165' title='bbox 644 1938 688 2015; x_wconf 92' lang='grc' dir='ltr'><strong><em>Ε,</em></strong></span> <span class='ocrx_word' id='word_1_166' title='bbox 717 1928 867 2009; x_wconf 85' lang='grc' dir='ltr'><strong><em>ούτωςὸ</em></strong></span> <span class='ocrx_word' id='word_1_167' title='bbox 898 1935 930 1996; x_wconf 92' lang='grc' dir='ltr'>Γ</span> <span class='ocrx_word' id='word_1_168' title='bbox 952 1928 1042 2016; x_wconf 80' lang='grc' dir='ltr'><strong><em>πρὸς</em></strong></span> <span class='ocrx_word' id='word_1_169' title='bbox 1066 1932 1134 2003; x_wconf 90' lang='grc' dir='ltr'><strong><em>τὸν</em></strong></span> 
     </span>
     <span class='ocr_line' id='line_1_18' title="bbox 106 2035 1133 2127; baseline 0.004 -22"><span class='ocrx_word' id='word_1_170' title='bbox 106 2046 149 2105; x_wconf 93' lang='lat' dir='ltr'><strong><em>A.</em></strong></span> <span class='ocrx_word' id='word_1_171' title='bbox 186 2035 203 2106; x_wconf 94' lang='lat'><em>6</em></span> <span class='ocrx_word' id='word_1_172' title='bbox 228 2049 260 2105; x_wconf 90' lang='lat' dir='ltr'><em>A</em></span> <span class='ocrx_word' id='word_1_173' title='bbox 282 2037 348 2125; x_wconf 82' lang='grc' dir='ltr'><strong><em>άρα</em></strong></span> <span class='ocrx_word' id='word_1_174' title='bbox 367 2036 449 2125; x_wconf 79' lang='grc' dir='ltr'><strong><em>πρὸς</em></strong></span> <span class='ocrx_word' id='word_1_175' title='bbox 467 2038 527 2105; x_wconf 90' lang='grc' dir='ltr'><strong><em>τὸν</em></strong></span> <span class='ocrx_word' id='word_1_176' title='bbox 551 2044 579 2104; x_wconf 88' lang='grc' dir='ltr'><strong><em>Β</em></strong></span> <span class='ocrx_word' id='word_1_177' title='bbox 603 2040 804 2103; x_wconf 79' lang='grc' dir='ltr'><strong><em>διπλασίονα</em></strong></span> <span class='ocrx_word' id='word_1_178' title='bbox 827 2035 931 2122; x_wconf 84' lang='grc' dir='ltr'><strong><em>λόγον</em></strong></span> <span class='ocrx_word' id='word_1_179' title='bbox 950 2040 1019 2122; x_wconf 83' lang='grc' dir='ltr'><strong><em>ἔχει</em></strong></span> <span class='ocrx_word' id='word_1_180' title='bbox 1040 2036 1133 2127; x_wconf 77' lang='grc' dir='ltr'><strong><em>ἤπερ</em></strong></span> 
     </span>
     <span class='ocr_line' id='line_1_19' title="bbox 105 2142 928 2231; baseline -0.004 -19"><span class='ocrx_word' id='word_1_181' title='bbox 105 2142 127 2230; x_wconf 80' lang='grc' dir='ltr'><em>ἡ</em></span> <span class='ocrx_word' id='word_1_182' title='bbox 150 2151 183 2212; x_wconf 93' lang='grc' dir='ltr'>Γ</span> <span class='ocrx_word' id='word_1_183' title='bbox 201 2142 327 2231; x_wconf 82' lang='grc' dir='ltr'><strong><em>πλευρά</em></strong></span> <span class='ocrx_word' id='word_1_184' title='bbox 352 2142 435 2231; x_wconf 80' lang='grc' dir='ltr'><strong><em>πρὸς</em></strong></span> <span class='ocrx_word' id='word_1_185' title='bbox 456 2142 518 2229; x_wconf 81' lang='grc' dir='ltr'><strong><em>τὴν</em></strong></span> <span class='ocrx_word' id='word_1_186' title='bbox 543 2153 589 2209; x_wconf 92' lang='lat' dir='ltr'><strong><em>A·</em></strong></span> <span class='ocrx_word' id='word_1_187' title='bbox 614 2142 695 2229; x_wconf 81' lang='grc' dir='ltr'><strong><em>ὅπερ</em></strong></span> <span class='ocrx_word' id='word_1_188' title='bbox 720 2145 788 2209; x_wconf 81' lang='grc' dir='ltr'><strong><em>ἔδει</em></strong></span> <span class='ocrx_word' id='word_1_189' title='bbox 813 2144 928 2222; x_wconf 80' lang='grc' dir='ltr'><strong><em>δεῖξαι.</em></strong></span> 
     </span>
    </p>
   </div>
   <div class='ocr_carea' id='block_1_4' title="bbox 50 2337 1130 3289">
    <p class='ocr_par' dir='ltr' id='par_1_8' title="bbox 584 2337 642 2423">
     <span class='ocr_line' id='line_1_20' title="bbox 584 2337 642 2423; baseline 0.017 -19"><span class='ocrx_word' id='word_1_190' title='bbox 584 2337 642 2423; x_wconf 82' lang='grc' dir='ltr'><strong><em>ιβ’.</em></strong></span> 
     </span>
    </p>

    <p class='ocr_par' dir='ltr' id='par_1_9' title="bbox 53 2457 1130 2865">
     <span class='ocr_line' id='line_1_21' title="bbox 53 2457 1130 2549; baseline 0.01 -27"><span class='ocrx_word' id='word_1_191' title='bbox 53 2474 87 2522; x_wconf 74' lang='lat'><strong><em>‘20</em></strong></span> <span class='ocrx_word' id='word_1_192' title='bbox 174 2461 258 2529; x_wconf 85' lang='grc' dir='ltr'><strong><em>Δύο</em></strong></span> <span class='ocrx_word' id='word_1_193' title='bbox 287 2460 420 2546; x_wconf 86' lang='grc' dir='ltr'><strong><em>κύβων</em></strong></span> <span class='ocrx_word' id='word_1_194' title='bbox 448 2459 632 2547; x_wconf 80' lang='grc' dir='ltr'><strong><em>ἀριθμῶν</em></strong></span> <span class='ocrx_word' id='word_1_195' title='bbox 664 2460 736 2528; x_wconf 89' lang='grc' dir='ltr'><strong><em>δύο</em></strong></span> <span class='ocrx_word' id='word_1_196' title='bbox 771 2461 884 2547; x_wconf 78' lang='grc' dir='ltr'><strong><em>μέσοι</em></strong></span> <span class='ocrx_word' id='word_1_197' title='bbox 912 2457 1130 2549; x_wconf 79' lang='grc' dir='ltr'><strong><em>άνάλογόν</em></strong></span> 
     </span>
     <span class='ocr_line' id='line_1_22' title="bbox 105 2564 1130 2655; baseline 0.003 -19"><span class='ocrx_word' id='word_1_198' title='bbox 105 2573 207 2636; x_wconf 82' lang='grc' dir='ltr'><strong><em>εἰσιν</em></strong></span> <span class='ocrx_word' id='word_1_199' title='bbox 245 2567 427 2654; x_wconf 79' lang='grc' dir='ltr'><strong><em>ἀριθμοί,</em></strong></span> <span class='ocrx_word' id='word_1_200' title='bbox 459 2567 523 2634; x_wconf 82' lang='grc' dir='ltr'><strong><em>καὶ</em></strong></span> <span class='ocrx_word' id='word_1_201' title='bbox 556 2565 573 2634; x_wconf 94' lang='lat'><em>6</em></span> <span class='ocrx_word' id='word_1_202' title='bbox 607 2566 726 2651; x_wconf 90' lang='grc' dir='ltr'><strong><em>κύβος</em></strong></span> <span class='ocrx_word' id='word_1_203' title='bbox 758 2565 856 2655; x_wconf 83' lang='grc' dir='ltr'><strong><em>πρὸς</em></strong></span> <span class='ocrx_word' id='word_1_204' title='bbox 888 2564 958 2644; x_wconf 80' lang='grc' dir='ltr'><strong><em>τὸν</em></strong></span> <span class='ocrx_word' id='word_1_205' title='bbox 991 2566 1130 2655; x_wconf 82' lang='grc' dir='ltr'><strong><em>κύβον</em></strong></span> 
     </span>
     <span class='ocr_line' id='line_1_23' title="bbox 104 2668 1129 2760; baseline 0.004 -20"><span class='ocrx_word' id='word_1_206' title='bbox 104 2679 369 2760; x_wconf 78' lang='grc' dir='ltr'><strong><em>τριπλασίονα</em></strong></span> <span class='ocrx_word' id='word_1_207' title='bbox 401 2671 523 2759; x_wconf 77' lang='grc' dir='ltr'><strong><em>λόγον</em></strong></span> <span class='ocrx_word' id='word_1_208' title='bbox 556 2677 635 2759; x_wconf 82' lang='grc' dir='ltr'><strong><em>ἔχει</em></strong></span> <span class='ocrx_word' id='word_1_209' title='bbox 666 2671 763 2759; x_wconf 77' lang='grc' dir='ltr'><strong><em>ἤπερ</em></strong></span> <span class='ocrx_word' id='word_1_210' title='bbox 796 2668 816 2758; x_wconf 76' lang='grc' dir='ltr'><em>ἡ</em></span> <span class='ocrx_word' id='word_1_211' title='bbox 844 2669 994 2760; x_wconf 81' lang='grc' dir='ltr'><strong><em>πλευρά</em></strong></span> <span class='ocrx_word' id='word_1_212' title='bbox 1022 2674 1129 2759; x_wconf 76' lang='grc' dir='ltr'><strong><em>πρὸς</em></strong></span> 
     </span>
     <span class='ocr_line' id='line_1_24' title="bbox 104 2778 382 2865; baseline 0.004 -20"><span class='ocrx_word' id='word_1_213' title='bbox 104 2778 175 2863; x_wconf 80' lang='grc' dir='ltr'><strong><em>τὴν</em></strong></span> <span class='ocrx_word' id='word_1_214' title='bbox 198 2779 382 2865; x_wconf 82' lang='grc' dir='ltr'><strong><em>πλευράν.</em></strong></span> 
     </span>
    </p>

    <p class='ocr_par' dir='ltr' id='par_1_10' title="bbox 162 2881 1127 2970">
     <span class='ocr_line' id='line_1_25' title="bbox 162 2881 1127 2970; baseline 0.007 -21"><span class='ocrx_word' id='word_1_215' title='bbox 162 2884 336 2950; x_wconf 82' lang='grc' dir='ltr'><strong><em>Ἔστωσαν</em></strong></span> <span class='ocrx_word' id='word_1_216' title='bbox 364 2883 462 2969; x_wconf 90' lang='grc' dir='ltr'><strong><em>κύβοι</em></strong></span> <span class='ocrx_word' id='word_1_217' title='bbox 490 2881 633 2970; x_wconf 76' lang='grc' dir='ltr'><strong><em>ἀριθμοὶ</em></strong></span> <span class='ocrx_word' id='word_1_218' title='bbox 661 2888 809 2969; x_wconf 84' lang='grc' dir='ltr'><strong><em>οίΑ,Β</em></strong></span> <span class='ocrx_word' id='word_1_219' title='bbox 832 2883 971 2950; x_wconf 82' lang='grc' dir='ltr'><strong><em>καὶτοῦ</em></strong></span> <span class='ocrx_word' id='word_1_220' title='bbox 1000 2882 1067 2970; x_wconf 73' lang='grc' dir='ltr'><strong><em>μὲν</em></strong></span> <span class='ocrx_word' id='word_1_221' title='bbox 1092 2898 1127 2956; x_wconf 89' lang='grc' dir='ltr'><em>Α</em></span> 
     </span>
    </p>

    <p class='ocr_par' dir='ltr' id='par_1_11' title="bbox 50 2986 1127 3289">
     <span class='ocr_line' id='line_1_26' title="bbox 50 2986 1126 3080; baseline 0.01 -31"><span class='ocrx_word' id='word_1_222' title='bbox 50 3002 84 3050; x_wconf 74' lang='lat'><strong><em>25</em></strong></span> <span class='ocrx_word' id='word_1_223' title='bbox 103 2986 230 3075; x_wconf 81' lang='grc' dir='ltr'><strong><em>πλευρά</em></strong></span> <span class='ocrx_word' id='word_1_224' title='bbox 255 2993 337 3055; x_wconf 83' lang='grc' dir='ltr'><strong><em>ἔστω</em></strong></span> <span class='ocrx_word' id='word_1_225' title='bbox 362 2987 379 3055; x_wconf 95' lang='lat'><em>6</em></span> <span class='ocrx_word' id='word_1_226' title='bbox 404 2993 530 3073; x_wconf 92' lang='grc' dir='ltr'>Γ,τοῦ</span> <span class='ocrx_word' id='word_1_227' title='bbox 555 2988 593 3056; x_wconf 71' lang='grc' dir='ltr'><strong><em>δὲ</em></strong></span> <span class='ocrx_word' id='word_1_228' title='bbox 615 2996 644 3055; x_wconf 90' lang='grc' dir='ltr'><strong><em>Β</em></strong></span> <span class='ocrx_word' id='word_1_229' title='bbox 668 2987 686 3056; x_wconf 93' lang='lat'><em>6</em></span> <span class='ocrx_word' id='word_1_230' title='bbox 712 2998 757 3055; x_wconf 95' lang='lat' dir='ltr'><strong><em>A·</em></strong></span> <span class='ocrx_word' id='word_1_231' title='bbox 787 2991 882 3075; x_wconf 76' lang='grc' dir='ltr'>λέγω,</span> <span class='ocrx_word' id='word_1_232' title='bbox 907 2986 1053 3057; x_wconf 76' lang='grc' dir='ltr'><strong><em>ὅτιτῶν</em></strong></span> <span class='ocrx_word' id='word_1_233' title='bbox 1078 3004 1126 3080; x_wconf 88' lang='grc' dir='ltr'>Α,</span> 
     </span>
     <span class='ocr_line' id='line_1_27' title="bbox 104 3091 1127 3185; baseline 0.005 -24"><span class='ocrx_word' id='word_1_234' title='bbox 104 3103 132 3162; x_wconf 93' lang='grc' dir='ltr'><strong><em>Β</em></strong></span> <span class='ocrx_word' id='word_1_235' title='bbox 158 3093 220 3161; x_wconf 92' lang='grc' dir='ltr'><strong><em>δύο</em></strong></span> <span class='ocrx_word' id='word_1_236' title='bbox 244 3096 340 3180; x_wconf 82' lang='grc' dir='ltr'><strong><em>μέσοι</em></strong></span> <span class='ocrx_word' id='word_1_237' title='bbox 363 3093 534 3180; x_wconf 82' lang='grc' dir='ltr'><strong><em>άνάλογόν</em></strong></span> <span class='ocrx_word' id='word_1_238' title='bbox 558 3099 644 3162; x_wconf 81' lang='grc' dir='ltr'><strong><em>εἰσιν</em></strong></span> <span class='ocrx_word' id='word_1_239' title='bbox 668 3091 826 3181; x_wconf 77' lang='grc' dir='ltr'><strong><em>ἀριθμοί,</em></strong></span> <span class='ocrx_word' id='word_1_240' title='bbox 856 3094 911 3161; x_wconf 76' lang='grc' dir='ltr'><strong><em>καὶ</em></strong></span> <span class='ocrx_word' id='word_1_241' title='bbox 936 3094 954 3162; x_wconf 93' lang='lat'><em>6</em></span> <span class='ocrx_word' id='word_1_242' title='bbox 979 3104 1012 3162; x_wconf 87' lang='lat' dir='ltr'><em>A</em></span> <span class='ocrx_word' id='word_1_243' title='bbox 1033 3097 1127 3185; x_wconf 80' lang='grc' dir='ltr'><strong><em>πρὸς</em></strong></span> 
     </span>
     <span class='ocr_line' id='line_1_28' title="bbox 103 3199 1124 3289; baseline 0.001 -20"><span class='ocrx_word' id='word_1_244' title='bbox 103 3201 163 3269; x_wconf 91' lang='grc' dir='ltr'><strong><em>τὸν</em></strong></span> <span class='ocrx_word' id='word_1_245' title='bbox 187 3209 215 3268; x_wconf 93' lang='grc' dir='ltr'><strong><em>Β</em></strong></span> <span class='ocrx_word' id='word_1_246' title='bbox 239 3207 458 3288; x_wconf 78' lang='grc' dir='ltr'><strong><em>τριπλασίονα</em></strong></span> <span class='ocrx_word' id='word_1_247' title='bbox 481 3200 585 3287; x_wconf 77' lang='grc' dir='ltr'><strong><em>λόγον</em></strong></span> <span class='ocrx_word' id='word_1_248' title='bbox 610 3206 676 3288; x_wconf 84' lang='grc' dir='ltr'><strong><em>ἔχει</em></strong></span> <span class='ocrx_word' id='word_1_249' title='bbox 699 3199 782 3287; x_wconf 74' lang='grc' dir='ltr'><strong><em>ἥπερ</em></strong></span> <span class='ocrx_word' id='word_1_250' title='bbox 802 3199 820 3269; x_wconf 96' lang='lat'><em>6</em></span> <span class='ocrx_word' id='word_1_251' title='bbox 841 3207 873 3268; x_wconf 91' lang='grc' dir='ltr'>Γ</span> <span class='ocrx_word' id='word_1_252' title='bbox 892 3200 976 3289; x_wconf 85' lang='grc' dir='ltr'><strong><em>πρὸς</em></strong></span> <span class='ocrx_word' id='word_1_253' title='bbox 993 3199 1056 3269; x_wconf 90' lang='grc' dir='ltr'><strong><em>τὸν</em></strong></span> <span class='ocrx_word' id='word_1_254' title='bbox 1078 3216 1124 3273; x_wconf 93' lang='lat' dir='ltr'><strong><em>A.</em></strong></span> 
     </span>
    </p>
   </div>
   <div class='ocr_carea' id='block_1_5' title="bbox 103 3375 1123 3588">
    <p class='ocr_par' dir='ltr' id='par_1_12' title="bbox 103 3375 1123 3588">
     <span class='ocr_line' id='line_1_29' title="bbox 177 3375 1121 3465; baseline 0.004 -34"><span class='ocrx_word' id='word_1_255' title='bbox 177 3384 200 3431; x_wconf 91' lang='lat'><strong><em>1.</em></strong></span> <span class='ocrx_word' id='word_1_256' title='bbox 220 3375 307 3465; x_wconf 79' lang='grc' dir='ltr'><strong><em>γάρ]</em></strong></span> <span class='ocrx_word' id='word_1_257' title='bbox 310 3397 347 3432; x_wconf 90' lang='lat' dir='ltr'><strong>m</strong></span> <span class='ocrx_word' id='word_1_258' title='bbox 368 3380 426 3432; x_wconf 82' lang='lat'><strong><em>213</em></strong></span> <span class='ocrx_word' id='word_1_259' title='bbox 433 3380 631 3448; x_wconf 74' lang='lat' dir='ltr'><strong>p‚0stras.1</strong></span> <span class='ocrx_word' id='word_1_260' title='bbox 617 3379 706 3433; x_wconf 77' lang='lat' dir='ltr'><strong>11itt</strong></span> <span class='ocrx_word' id='word_1_261' title='bbox 726 3379 759 3432; x_wconf 90' lang='lat' dir='ltr'><strong><em>V.</em></strong></span> <span class='ocrx_word' id='word_1_262' title='bbox 850 3385 876 3432; x_wconf 99' lang='lat'>4</span> <span class='ocrx_word' id='word_1_263' title='bbox 895 3380 1033 3446; x_wconf 78' lang='grc' dir='ltr'><strong><em>πεποιηιιε</em></strong></span> <span class='ocrx_word' id='word_1_264' title='bbox 1053 3380 1121 3451; x_wconf 73' lang='lat' dir='ltr'><strong>Vq).</strong></span> 
     </span>
     <span class='ocr_line' id='line_1_30' title="bbox 103 3444 1122 3520; baseline 0.008 -22"><span class='ocrx_word' id='word_1_265' title='bbox 103 3452 128 3499; x_wconf 83' lang='lat'><strong><em>8.</em></strong></span> <span class='ocrx_word' id='word_1_266' title='bbox 149 3444 197 3500; x_wconf 87' lang='grc' dir='ltr'><strong><em>διά</em></strong></span> <span class='ocrx_word' id='word_1_267' title='bbox 216 3445 250 3502; x_wconf 85' lang='grc' dir='ltr'><strong><em>τά</em></strong></span> <span class='ocrx_word' id='word_1_268' title='bbox 271 3444 345 3503; x_wconf 83' lang='grc' dir='ltr'><strong><em>αύτά</em></strong></span> <span class='ocrx_word' id='word_1_269' title='bbox 364 3445 399 3517; x_wconf 77' lang='grc' dir='ltr'><strong><em>δὴ</em></strong></span> <span class='ocrx_word' id='word_1_270' title='bbox 420 3450 485 3520; x_wconf 84' lang='grc' dir='ltr'><strong><em>καί]</em></strong></span> <span class='ocrx_word' id='word_1_271' title='bbox 505 3449 539 3515; x_wconf 99' lang='grc' dir='ltr'>Ρ</span> <span class='ocrx_word' id='word_1_272' title='bbox 563 3445 648 3503; x_wconf 87' lang='grc' dir='ltr'><strong><em>πάλιν</em></strong></span> <span class='ocrx_word' id='word_1_273' title='bbox 673 3444 766 3504; x_wconf 75' lang='grc' dir='ltr'><strong><em>ἐπεὶ</em></strong></span> <span class='ocrx_word' id='word_1_274' title='bbox 754 3469 769 3503; x_wconf 88' lang='grc' dir='ltr'><strong><em>ο</em></strong></span> <span class='ocrx_word' id='word_1_275' title='bbox 791 3452 818 3503; x_wconf 93' lang='grc' dir='ltr'>Γ</span> <span class='ocrx_word' id='word_1_276' title='bbox 837 3446 887 3504; x_wconf 86' lang='grc' dir='ltr'><strong><em>τὸν</em></strong></span> <span class='ocrx_word' id='word_1_277' title='bbox 907 3456 932 3503; x_wconf 90' lang='grc' dir='ltr'><em>Δ</em></span> <span class='ocrx_word' id='word_1_278' title='bbox 956 3454 1122 3507; x_wconf 82' lang='grc' dir='ltr'><strong><em>πολλαπλα-</em></strong></span> 
     </span>
     <span class='ocr_line' id='line_1_31' title="bbox 104 3512 1123 3588; baseline 0.011 -20"><span class='ocrx_word' id='word_1_279' title='bbox 104 3512 204 3580; x_wconf 88' lang='grc' dir='ltr'><strong><em>σιάσας</em></strong></span> <span class='ocrx_word' id='word_1_280' title='bbox 222 3516 272 3573; x_wconf 84' lang='grc' dir='ltr'><strong><em>τὸν</em></strong></span> <span class='ocrx_word' id='word_1_281' title='bbox 292 3522 316 3573; x_wconf 88' lang='lat' dir='ltr'><strong><em>E</em></strong></span> <span class='ocrx_word' id='word_1_282' title='bbox 336 3522 506 3588; x_wconf 77' lang='grc' dir='ltr'><strong><em>πεποίηκεν,</em></strong></span> <span class='ocrx_word' id='word_1_283' title='bbox 531 3516 546 3574; x_wconf 88' lang='lat'><em>6</em></span> <span class='ocrx_word' id='word_1_284' title='bbox 567 3519 599 3575; x_wconf 71' lang='grc' dir='ltr'><strong><em>δὲ</em></strong></span> <span class='ocrx_word' id='word_1_285' title='bbox 619 3516 682 3573; x_wconf 91' lang='lat' dir='ltr'><em>A</em></span> <span class='ocrx_word' id='word_1_286' title='bbox 668 3517 772 3575; x_wconf 83' lang='grc' dir='ltr'><strong><em>εαντόν</em></strong></span> <span class='ocrx_word' id='word_1_287' title='bbox 795 3516 1044 3584; x_wconf 83' lang='grc' dir='ltr'><strong><em>πολλαπλασιάσας</em></strong></span> <span class='ocrx_word' id='word_1_288' title='bbox 1068 3520 1123 3579; x_wconf 88' lang='grc' dir='ltr'><strong><em>τὸν</em></strong></span> 
     </span>
    </p>
   </div>
   <div class='ocr_carea' id='block_1_6' title="bbox 30 3649 151 3704">
    <p class='ocr_par' dir='ltr' id='par_1_13' title="bbox 30 3649 151 3704">
     <span class='ocr_line' id='line_1_32' title="bbox 30 3649 151 3704; baseline 0 0"><span class='ocrx_word' id='word_1_289' title='bbox 30 3649 151 3704; x_wconf 63' lang='grc' dir='ltr'><strong>Α</strong></span> 
     </span>
    </p>
   </div>
   <div class='ocr_carea' id='block_1_7' title="bbox 0 0 1228 3938">
    <p class='ocr_par' dir='ltr' id='par_1_14' title="bbox 0 0 1228 3938">
     <span class='ocr_line' id='line_1_33' title="bbox 0 0 1228 3938; baseline 0 3"><span class='ocrx_word' id='word_1_290' title='bbox 0 0 1228 3938; x_wconf 95' lang='lat' dir='ltr'><strong><em> </em></strong></span> 
     </span>
    </p>
   </div>
  </div>
 </body>
</html>
