2446 3938
151 205 217 270 370
527 204 727 257 nomm
745 200 789 258 ε’.

150 367 267 415 νατον·
301 342 363 413 οὐκ
400 343 464 431 άρα
492 344 623 429 πρῶτός
652 347 743 412 ἐστιν
771 341 790 412 5
819 351 859 411 Ζ·
892 343 1067 423 σύνθετος
1102 343 1178 432 άρα.

150 449 237 531 άπας
268 451 305 519 55
330 450 495 531 σύνθετος
518 449 665 538 ἀριθμὸς
687 448 754 519 ὑπὸ
784 449 920 536 πρώτου
949 448 1048 528 τινὸς
1076 447 1177 533 άριθ-

151 563 217 645 μοῦ
245 572 423 644 μετρεῖται·
452 555 470 626 5
499 565 526 624 Ζ
554 556 619 643 άρα
642 555 710 625 ὑπὸ
733 555 867 642 πρώτον
894 555 988 634 τινὸς
1017 554 1176 644 ἀριθμοῦ

151 678 324 751 μετρεῖται.
371 665 456 749 λέγει
485 663 543 749 δή,
572 662 624 730 ὅτι
647 660 708 750 ὑφ’
739 663 855 750 ἑτέρον
877 659 1017 745 πρώτου
1047 661 1092 730 οὐ
1122 689 1177 750 με-

117 770 356 857 ετρηθήσεται
386 768 473 855 πλὴν
500 773 562 836 τοῦ
592 778 632 836 A.
678 773 710 836 εί
737 767 802 856 γὰρ
826 767 937 856 ἕτερός
964 794 1016 846 τις
1040 773 1177 857 πρῶτος

151 875 212 942 τὸν
241 883 269 941 Ζ
297 889 421 962 μετρεῖ,
452 872 469 941 5
499 874 537 942 δὲ
566 873 677 942 Ζτὸν
701 882 735 941 A
764 888 889 961 μετρεῖ,
917 870 1079 953 κάκεῖνος
1108 874 1175 962 ἄρα

151 980 211 1049 τὸν
241 989 275 1048 A
302 981 469 1068 μετρήσει·
503 978 588 1048 ὥστε
619 981 676 1046 καί
703 979 762 1047 τὸν
786 989 818 1046 A
845 978 1002 1067 μετρήσει
1034 984 1175 1064 πρῶτον

152 1087 233 1156 ὄντα
270 1087 314 1174 μὴ
346 1084 395 1155 ὢν
423 1084 514 1178 αὐτῷ
544 1082 562 1154 5
596 1082 708 1166 αὐτός·
747 1083 827 1172 ὅπερ
861 1085 951 1154 ἐστὶν
986 1081 1174 1154 ἀδύνατον.

153 1193 170 1262 5
196 1204 227 1262 A
251 1192 317 1282 άρα
340 1193 400 1262 τὸν
424 1201 451 1261 Ζ
475 1206 594 1280 μετρεῖ.
640 1191 696 1259 καὶ
720 1191 790 1260 ἐπεὶ
815 1189 832 1259 5
857 1198 889 1258 E
909 1188 970 1259 τὸν
999 1199 1029 1258 A
1058 1205 1176 1278 μετρεῖ

103 1322 135 1369 10
153 1299 235 1368 κατά
259 1299 320 1367 τὸν
344 1307 387 1385 Ζ,
411 1297 429 1366 5
455 1307 486 1366 E
508 1297 572 1384 άρα
596 1296 657 1366 τὸν
681 1305 709 1364 Ζ
731 1295 1027 1376 πολλαπλασιάσας
1050 1297 1115 1365 τὸν
1142 1305 1175 1365 A

153 1411 342 1491 πεποίηκεν.
388 1403 471 1471 άλλά
496 1404 564 1490 μὴν
582 1405 637 1471 καὶ
657 1401 675 1472 5
696 1413 728 1471 A
744 1402 806 1472 τὸν
824 1410 857 1472 Γ
875 1403 1174 1484 πολλαπλασιάσας

152 1511 213 1578 τὸν
238 1519 271 1576 A
295 1516 487 1595 πεποίηκεν·
515 1507 533 1576 5
563 1508 629 1598 άρα
652 1512 688 1577 ἐκ
711 1514 779 1577 τῶν
802 1518 849 1594 Α,
868 1515 900 1576 Γ
926 1516 998 1587 ίσος
1022 1510 1095 1577 ἐστὶ
1126 1514 1172 1603 τῷ

154 1618 190 1682 ἐκ
207 1617 276 1681 τῶν
300 1622 340 1699 E,
361 1621 396 1682 Z.
438 1611 607 1701 ἀνάλογον
631 1613 698 1700 άρα
722 1615 812 1682 ἐστὶν
836 1613 881 1694 ὡς
904 1610 922 1682 5
947 1623 979 1682 A
1001 1614 1088 1701 πρὸς
1111 1615 1173 1684 τὸν

156 1727 198 1804 E,
228 1719 335 1798 οὕτως
362 1717 380 1786 5
409 1726 436 1786 Z
464 1718 548 1807 πρὸς
575 1721 634 1788 τὸν
662 1726 699 1788 Γ.
744 1718 763 1788 5
792 1719 830 1788 δὲ
852 1728 886 1786 Α
907 1718 967 1786 τὸν
992 1727 1024 1787 Ε
1046 1735 1173 1810 μετρεῖ·

103 1851 135 1896 15
154 1826 210 1892 καὶ
243 1825 262 1893 5
292 1833 319 1892 Z
350 1825 415 1912 άρα
441 1825 502 1894 τὸν
529 1833 562 1894 Γ
588 1839 707 1914 μετρεῖ.
758 1833 914 1916 μετρείτω
948 1823 1056 1894 αὐτὸν
1089 1827 1176 1896 κατά

154 1931 214 2000 τὸν
243 1939 287 1998 Η.
333 1929 456 2018 ὁμοίως
483 1931 525 2019 δὴ
555 1936 723 2019 δείξομεν,
756 1930 807 2000 ὅτι
840 1931 858 2001 5
887 1938 927 1999 Η
950 1928 1069 2000 οὐδενὶ
1104 1938 1175 2003 τῶν

155 2045 249 2124 Α,Β
279 2041 370 2106 ἐστιν
399 2035 416 2105 5
447 2037 562 2123 αὐτός,
591 2039 647 2106 καὶ
675 2037 726 2106 ὅτι
749 2052 914 2126 μετρεῖται
941 2035 1008 2104 ὑπὸ
1039 2042 1104 2106 τοῦ
1135 2049 1176 2109 Α.

154 2144 210 2211 καὶ
243 2144 312 2212 ἐπεὶ
340 2144 359 2210 5
388 2152 415 2211 Ζ
445 2143 506 2212 τὸν
536 2151 568 2212 Γ
592 2157 706 2232 μετρεῖ
732 2146 815 2213 κατά
837 2141 898 2212 τὸν
921 2149 971 2229 Η,
1001 2142 1019 2209 5
1050 2151 1079 2211 Ζ
1109 2143 1177 2232 άρα

154 2249 215 2318 τὸν
243 2256 283 2316 Η
306 2250 598 2330 πολλαπλασιάσας
621 2249 681 2319 τὸν
704 2257 737 2319 Γ
761 2257 948 2337 πεποίηκεν.
996 2246 1083 2318 άλλά
1106 2250 1177 2338 μὴν

102 2381 136 2428 20
154 2355 210 2422 καὶ
240 2355 258 2422 ὁ
286 2365 318 2422 A
348 2354 407 2422 τὸν
439 2363 467 2422 Β
500 2356 793 2437 πολλαπλασιάσας
824 2354 884 2424 τὸν
915 2361 948 2422 Γ
976 2362 1178 2441 πεποίηκεν·

156 2460 260 2549 ὑαρα
285 2464 321 2529 ἐκ
343 2464 411 2528 τῶν
436 2470 476 2546 A,
495 2469 524 2528 Β
549 2470 622 2543 ίσος
645 2463 713 2531 ἐστὶ
736 2467 782 2556 τῷ
806 2465 842 2531 ἐκ
864 2464 933 2529 τῶν
956 2468 995 2546 Ζ,
1013 2467 1059 2528 Η.
1097 2460 1180 2531 άνά-

155 2575 259 2654 λογον
289 2565 353 2655 άρα
387 2566 432 2646 ὡς
461 2566 479 2634 5
507 2577 539 2635 A
567 2566 651 2656 πρὸς
677 2570 737 2638 τὸν
765 2577 807 2653 Ζ,
837 2569 854 2636 5
883 2574 923 2636 H
946 2565 1028 2656 πρὸς
1052 2566 1114 2635 τὸν
1139 2576 1180 2637 Β.

156 2687 269 2760 μετρεῖ
295 2673 333 2741 δὲ
361 2673 380 2740 5
408 2681 441 2740 A
468 2672 529 2741 τὸν
558 2681 599 2741 Ζ·
628 2689 741 2762 μετρεῖ
766 2674 832 2764 άρα
859 2674 915 2742 καὶ
939 2673 957 2742 5
988 2680 1026 2740 Η
1050 2673 1113 2742 τὸν
1140 2684 1179 2744 Β.

157 2785 314 2866 μετρείτω
346 2779 450 2847 αὐτὸν
480 2776 564 2847 κατὰ
598 2779 659 2848 τὸν
691 2788 728 2852 Θ.
776 2781 900 2868 ὁμοίως
932 2778 974 2866 δὴ
1009 2782 1180 2868 δείξομεν,

104 2919 137 2965 25
158 2885 210 2952 ὅτι
235 2882 252 2952 5
278 2892 306 2951 Θ
328 2889 374 2977 τῷ
398 2894 430 2952 Α
454 2882 515 2954 οὐκ
539 2891 630 2954 ἔστιν
653 2885 671 2956 5
696 2885 805 2968 αὐτός.
846 2886 902 2954 καὶ
927 2884 996 2953 ἐπεὶ
1021 2883 1039 2953 5
1061 2894 1103 2954 H
1115 2887 1180 2956 τὸν

157 2998 186 3058 Β
206 3005 319 3078 μετρεῖ
335 2988 418 3058 κατὰ
436 2988 497 3059 τὸν
516 2999 555 3076 Θ,
580 2990 597 3059 5
618 3000 658 3060 H
668 2992 733 3080 άρα
752 2992 812 3062 τὸν
832 3001 861 3061 Θ
881 2995 1182 3075 πολλαπλασιάσας

157 3095 218 3165 τὸν
251 3103 279 3163 Β
308 3102 494 3182 πεποίηκεν.
546 3095 630 3165 άλλῖι
664 3099 732 3186 μὴν
759 3100 815 3166 καὶ
844 3095 862 3166 5
887 3107 918 3166 A
947 3096 1069 3166 ἑαυτὸν
1098 3108 1182 3168 πολ-

231 3317 256 3364 2.
276 3305 352 3371 άπας
371 3307 451 3363 ὃὲ-
466 3317 495 3364 3.
493 3311 680 3400 μετρεῖται]
696 3328 750 3366 om.
770 3312 868 3366 Theon
887 3311 998 3399 (Bth).
1074 3317 1099 3366 3.
1121 3309 1182 3367 ὃΖ

158 3376 214 3465 ἄρα
245 3376 302 3434 ὑπὸ
331 3375 500 3466 πρώτον]
487 3400 502 3435 ο
534 3378 591 3450 άρα
620 3378 680 3435 Z
667 3379 723 3437 νπὸ
751 3379 865 3471 πράτρν
888 3382 955 3451 Vm
981 3377 1038 3435 ὑπὸ
1062 3378 1182 3470 πράτον

159 3445 264 3519 άραΒ
338 3457 364 3505 4
384 3448 549 3533 ον]ιοεεεῖ
568 3451 692 3507 m.1B
766 3460 790 3507 6
809 3451 989 3524 <meon
1016 3449 1183 3524 ειΖάρα

158 3539 194 3576 m
215 3521 322 3592 2533}
360 3521 568 3590 Z]inras..P
642 3523 857 3593 AJinrasfflP
930 3523 1097 3595 7..A]seq
1123 3542 1182 3581 ras.
