2446 3938
460 137 669 191 PRAEFATIO.
1007 135 1073 190 XIII

56 307 87 363 p.
113 287 185 362 300,
211 287 267 346 27:
291 277 353 344 ἀλλ’
381 277 420 356 ὥς
443 277 459 345 5
483 287 512 342 E
535 277 610 363 πρὸς
631 278 696 362 τόν]
721 286 752 343 in
774 304 833 346 ras.
856 306 895 345 m.
921 289 937 344 1
964 307 991 362 q.

56 395 87 451 p.
112 376 185 446 302,
232 376 266 432 2:
289 370 360 450 τῶν]
384 365 437 433 τόν
461 393 487 448 q.

233 464 266 522 3:
290 458 336 536 K]
361 462 392 520 in
414 479 472 521 ras.
497 481 524 537 q.

288 547 337 625 A]
361 550 393 610 in
414 568 474 610 ras.
497 569 524 625 q.

212 640 265 697 10:
289 635 331 714 Β]
357 657 373 696 ο
396 657 470 698 corr.
493 658 532 698 m.
559 641 575 696 1
601 640 629 698 b.

213 729 267 785 12:
291 723 341 784 καλ
364 719 453 797 ὧς-
469 729 523 787 13:
547 720 598 786 τὸν
620 724 665 802 A]
690 745 745 786 om.
770 727 819 802 bq.

58 835 89 891 p.
115 816 187 888 304,
236 817 267 872 1:
290 817 319 872 Γ
337 809 407 892 γάρ]
431 808 486 894 γάρ
509 817 540 873 Γ
557 816 605 892 bq.

233 904 266 961 4:
290 902 430 979 πεποίηκε
453 903 501 979 bq.

235 993 268 1050 8:
293 984 342 1050 διὰ
370 985 405 1049 τά
429 983 503 1050 αὐτὰ
527 985 564 1068 δὴ
587 989 654 1068 καί]
679 985 769 1050 πάλιν
791 988 854 1050 ἐπεὶ
880 983 895 1050 5
920 993 950 1049 Γ
972 984 1023 1050 τὸν
1046 995 1073 1049 A

334 1075 591 1152 πολλαπλασιάσας
617 1073 669 1139 τὸν
692 1082 721 1138 Ε
744 1079 917 1157 πεποίηκεν,
945 1071 961 1140 5
991 1075 1024 1138 δὲ
1047 1084 1074 1137 A

337 1161 444 1227 ἑαυτὸν
457 1162 715 1239 πολλαπλασιάσας
733 1162 785 1228 τὸν
803 1170 828 1226 Β
848 1167 998 1244 πεποίηκε,
1018 1161 1073 1228 δύο

334 1249 371 1332 δὴ
396 1249 520 1333 ἀριθμοὶ
543 1255 574 1316 ολ
593 1259 625 1329 Γ,
645 1259 672 1314 Δ
695 1253 748 1316 ἕνα
770 1253 820 1315 καλ
842 1249 894 1316 τὸν
913 1249 1004 1315 αὐτὸν
1022 1249 1074 1316 τὸν

336 1334 407 1423 (om.
440 1341 473 1421 b)
503 1347 531 1402 A
560 1335 865 1416 πολλαπλασιάσαντες
894 1338 963 1416 τοὺς
992 1346 1073 1416 Ε,Β

335 1423 545 1508 πεποιήκασιν·
569 1430 646 1492 ἔστιν
669 1427 727 1509 άρα
751 1435 798 1508 bq.
908 1485 913 1495 .

234 1521 267 1579 9:
291 1515 334 1594 Β]
363 1521 397 1579 Β.
425 1513 487 1579 ἀλλ’
519 1514 559 1592 ὦς
586 1514 602 1581 5
626 1523 656 1579 Γ
678 1514 751 1596 πρὸς
773 1515 824 1580 τὸν
856 1524 896 1596 Δ,
929 1515 1021 1592 οὕτως
1058 1515 1074 1582 5

334 1611 363 1665 A
386 1601 460 1685 πρὸς
482 1602 534 1668 τὸν
557 1611 586 1667 Ε
609 1611 657 1686 bq.

214 1697 268 1754 10:
292 1688 362 1771 άρα]
387 1715 443 1756 om.
467 1717 494 1772 q.
599 1749 601 1752 ,

215 1785 268 1842 11:
292 1775 432 1861 άριθμάς]
457 1778 584 1862 ἀριθμὸς
607 1778 623 1845 5
647 1789 675 1844 Ε
699 1788 745 1862 bq.

63 1893 93 1949 p.
118 1873 191 1948 306,
238 1874 270 1929 2:
295 1865 413 1949 ἑαυτόν]
439 1867 544 1932 ἑαυτὸν
567 1869 621 1950 μέν
643 1876 691 1950 bq.

235 1961 268 2018 4:
292 1957 363 2035 τῶν]
389 1980 462 2020 corr.
487 1981 523 2020 ex
544 1955 596 2021 τόν
619 1982 657 2021 m.
683 1966 699 2020 1
727 1983 754 2038 q.

238 2049 270 2106 8:
294 2045 341 2106 καλ
371 2040 387 2108 5
414 2051 444 2107 Γ
473 2043 577 2108 ἑαυτὸν
604 2042 860 2120 πολλαπλασιάσας
889 2044 940 2111 τὸν
968 2054 997 2109 Ε
1026 2071 1075 2111 πε-

334 2135 471 2214 ποίηκεν]
495 2156 552 2198 om.
577 2138 625 2214 bq.

237 2227 269 2283 7:
293 2219 359 2301 μέν]
383 2245 440 2286 om.
463 2219 541 2305 bq.¹)

291 2313 433 2390 πεποίηκε
454 2315 508 2390 bq;
532 2314 606 2373 item
628 2316 679 2373 lin.
704 2316 733 2374 8.

218 2402 271 2460 10:
295 2402 437 2479 πεποίηκε
460 2423 491 2478 q;
514 2403 587 2461 item
610 2405 662 2463 lin.
688 2406 736 2462 11.

215 2490 270 2548 27:
293 2487 337 2565 A]
362 2492 401 2564 A,
426 2484 519 2562 οὕτως
541 2511 570 2551 τε
594 2484 666 2572 (om.
695 2483 728 2571 q)
756 2482 772 2550 5
801 2492 830 2549 Κ
859 2482 933 2567 πρὸς
959 2483 1011 2550 τὸν
1038 2493 1076 2548 Β·

337 2574 459 2656 ἐδείχθη
484 2574 516 2638 δὲ
539 2577 588 2638 καλ
611 2573 652 2651 ὥς
675 2571 690 2638 5
715 2580 745 2636 Γ
762 2571 836 2656 πρὸς
858 2572 910 2637 τὸν
933 2581 960 2635 A
982 2579 1031 2653 bq.

293 2659 538 2742 ὅώπὸω.

63 2775 93 2831 p
119 2755 191 2830 310,
238 2756 271 2812 4:
294 2747 359 2832 τόν]
384 2774 440 2814 om.
465 2775 492 2831 q.

237 2844 269 2902 8:
292 2839 345 2924 τῷ]
370 2862 426 2902 om.
449 2863 476 2918 q.

217 2932 270 2989 10:
295 2902 444 3007 45:15]e
393 2927 524 3008 ]ομέν
546 2933 594 3008 bq.

218 3020 272 3076 14:
295 3012 473 3098 τετράγωνος
491 3013 565 3097 πρὸς
582 3014 776 3100 τετράγωνον]
796 3015 974 3100 τετράγωνος
992 3015 1077 3098 άριθ

340 3099 394 3184 μὸς
417 3101 493 3185 πρὸς
515 3104 697 3187 τετράγωνον
715 3101 846 3185 ἀριθμόν
868 3109 916 3184 bq.

221 3193 326 3254 λλελ
299 3192 385 3271 εἰσιν]
411 3215 504 3272 comp.
528 3194 604 3256 ἐστιν
627 3217 701 3258 corr.
725 3216 761 3256 ex
783 3215 877 3274 comp.
900 3197 1023 3258 ελσινλ).

66 3331 279 3339 ..ῳ-..-ᾐ-

140 3397 215 3467 1)Ρ.
234 3403 299 3465 306,
325 3399 391 3454 θίο
409 3399 504 3456 adnot.
524 3400 674 3456 scribassur:
698 3407 741 3470 ,,6.
761 3397 892 3456 ααλὸ-
858 3403 1074 3472 -πεποίηαεα]

65 3467 102 3535 Ρ,
123 3484 176 3522 om.
195 3468 294 3524 Theon
312 3469 425 3540 ().BV‹p
464 3477 488 3526 7.
507 3470 573 3543 μέν]
593 3489 647 3529 om
666 3471 776 3542 ΒΡφ.“
