2446 3938
342 191 618 243 manauroauu
635 192 744 245 amna
761 195 808 247 vi.
1034 193 1099 260 173

83 339 152 398 ΕΔ
176 363 218 384 --
241 337 317 398 ΑΕ.
376 335 487 418 itaque
526 339 618 400 BA:
644 339 713 399 ΑΕ
734 365 777 388 =-
802 340 873 400 ΑΕ
891 361 898 401 :
918 341 989 402 ΕΒ.
1044 339 1100 403 sed

80 445 147 505 AB
161 451 195 514 >
210 444 285 504 ΑΒ.
332 462 432 524 quare
456 441 554 505 etiam
579 440 632 526 [V,
658 443 713 523 14]
737 448 806 507 ΑΕ
821 453 856 518 >
875 449 948 510 ΕΒ.

147 545 237 630 Ergo
268 549 358 612 recta
384 551 452 611 AB
485 547 660 612 secundum
692 551 870 613 extremam
894 571 931 614 ac
959 551 1099 616 mediam

83 654 245 719 rationem
270 655 359 718 secta
382 656 432 718 est
456 653 491 717 in
514 658 546 718 Ε
568 653 642 734 [def.
662 653 697 735 3]
703 704 712 738 ,
741 657 776 720 et
796 656 904 721 maior
927 657 995 720 eius
1024 679 1099 740 pars

83 761 134 824 est
156 764 235 847 AE3
260 760 346 844 quod
368 759 542 844 oportebat
565 760 643 826 fieri.

495 985 498 989 ⁴
531 952 649 1018 XXXI.

148 1077 188 1142 In
212 1077 385 1162 triangulis
409 1077 608 1162 rectangulis
632 1078 740 1162 figura
759 1079 922 1163 descripta
940 1080 975 1143 in
997 1080 1100 1144 latere

81 1184 142 1249 sub
169 1187 257 1249 recto
286 1185 407 1268 angulo
437 1182 644 1247 subtendenti
674 1185 820 1269 aequalis
854 1189 903 1250 est
929 1180 1042 1270 figuris
1066 1187 1100 1252 in

82 1290 239 1354 lateribus
261 1293 386 1355 rectum
401 1289 557 1374 angulum
571 1290 921 1374 comprehendentibus
937 1290 1116 1363 similibus,

85 1399 118 1460 et
141 1397 291 1462 similiter
315 1396 495 1482 descriptis.
1034 1385 1037 1396 ⁴

149 1501 198 1567 Sit
229 1503 415 1588 triangulus
447 1503 657 1588 rectangulus
688 1506 791 1568 ΑΒΓ
815 1504 973 1589 angulum
1001 1507 1104 1568 ΒΑΓ

81 1611 205 1674 rectum
242 1608 376 1674 habens.
436 1607 519 1693 dico,
556 1608 696 1694 figuram
733 1609 768 1673 in
805 1613 872 1674 ΒΓ
904 1610 1100 1695 descriptam

83 1715 251 1800 aequalem
280 1736 349 1778 esse
376 1712 490 1797 figuris
518 1713 554 1777 in
577 1718 659 1798 BA,
678 1717 748 1779 ΑΓ
768 1715 928 1780 similibus
953 1721 986 1781 et
1010 1716 1099 1781 simi-

82 1821 157 1886 liter
180 1820 358 1903 descriptis.

149 1926 285 1992 ducatur
320 1923 599 2009 perpendicularis
631 1929 711 1987 AA.
770 1925 836 1988 iam
873 1927 1028 2009 quoniam
1064 1929 1100 1992 in

515 2029 680 2113 triangulo
710 2031 902 2114 rectangulo
931 2035 1036 2095 ΑΒΓ
1059 2033 1099 2096 ab

490 2136 635 2222 'angulo
667 2138 757 2200 recto
792 2135 831 2198 ad
862 2141 895 2199 A
921 2136 1029 2220 posito
1060 2136 1100 2200 ad

513 2244 619 2308 basim
634 2245 700 2307 ΒΓ
709 2240 984 2325 perpendicularis
1004 2242 1101 2307 ducta

513 2353 563 2414 est
585 2353 665 2433 ΛΑ,
688 2348 847 2432 trianguli
865 2352 980 2431 ABA,
995 2351 1104 2412 ΑΛΓ

450 2435 486 2488 Γ
512 2455 553 2521 ad
594 2454 893 2539 perpendicularem
929 2452 1030 2538 positi
1068 2456 1101 2518 et

511 2561 573 2626 toti
605 2565 709 2627 ΑΒΓ
737 2565 769 2625 et
799 2560 884 2625 inter
915 2581 950 2624 se
978 2559 1101 2623 similes

417 2686 420 2693 ’
512 2671 590 2733 sunt
614 2671 717 2752 [prop.
740 2667 844 2748 Vm}
891 2669 924 2730 et
947 2665 1100 2750 quoniam

84 2778 188 2839 ΑΒΓ
207 2805 243 2830 ω
266 2780 385 2859 ΑΒΔ,
414 2775 475 2839 erit
504 2774 580 2855 [def.
606 2777 638 2855 1]
667 2778 729 2840 ΓΒ
748 2798 756 2839 :
775 2779 841 2839 BA
860 2805 902 2828 =
921 2776 1101 2838 AB:BA.

86 2882 119 2944 et
147 2882 300 2963 quoniam
332 2885 399 2947 tres
429 2885 536 2946 rectae
564 2881 823 2964 proportionales
853 2884 942 2966 sunt,
975 2880 1037 2944 erit
1065 2882 1102 2942 ut

84 2985 192 3070 prima
220 2986 261 3051 ad
287 2987 433 3071 tertiam,
466 2988 514 3051 ita
542 2988 647 3072 figura
675 2988 709 3050 in
737 2988 844 3070 prima
871 2986 1032 3069 descripta
1060 2985 1101 3048 ad

83 3092 223 3177 figuram
251 3094 284 3159 in
312 3093 452 3158 secunda
487 3093 626 3157 similem
655 3095 688 3156 et
722 3092 871 3156 similiter
903 3091 1101 3174 descriptam

120 3307 162 3355 13.
186 3296 243 3365 ὑπὸ
267 3297 300 3355 τό
323 3320 350 3372 p.
427 3307 468 3355 14.
492 3301 598 3354 εἴδεσιν
621 3298 650 3353 P.
726 3304 768 3351 15.
793 3293 914 3371 ὁμοίως]
938 3293 1046 3369 ὁμοίοις
1066 3296 1109 3353 VJ

86 3376 127 3428 18.
147 3372 202 3443 τῶ]
223 3367 255 3426 τό
274 3371 339 3440 FV,
359 3373 409 3428 sed
428 3389 496 3426 corr.
516 3389 552 3425 m.
568 3379 593 3426 2.
650 3375 691 3425 19.
712 3369 813 3440 ΑΔΓ]
834 3385 903 3424 corr.
917 3386 951 3424 ex
966 3374 1048 3424 ΑΔΒ
1062 3387 1099 3422 m.

84 3459 139 3498 rec.
158 3426 188 3498 15.
225 3439 282 3513 ἄρα
300 3439 371 3512 πρός
388 3444 422 3498 V.
496 3448 538 3498 20.
560 3437 634 3497 ἐστιν
651 3441 683 3495 Ρ.
761 3445 804 3495 25.
822 3435 872 3511 τό]
892 3441 963 3511 (alt.)
987 3458 1041 3497 om.
1063 3441 1101 3508 Ἐς

13 3561 17 3566 ,
86 3513 169 3570 inser.
189 3533 226 3569 m.
246 3519 276 3582 2,
297 3516 346 3570 sed
364 3531 444 3570 euan.
