2446 3938
124 185 168 250 64
506 183 707 238 1101111111
726 179 763 239 ε’.

149 397 153 404 ,
181 325 290 394 Ἔστω
317 329 393 413 τρία
420 325 546 413 μεγέθη
573 323 614 394 τὰ
637 333 684 412 A,
708 332 752 412 Β,
775 331 808 393 Γ
830 325 887 393 καὶ
914 323 1000 393 ἄλλα
1023 322 1148 407 αὖτοίς

123 442 179 500 ίσα
201 431 238 500 τὸ
263 436 393 519 πλῆθος
416 434 544 502 σύνδυο
562 431 801 520 λαμβανόμενα
819 434 920 525 ἐντῷ
939 428 1031 524 αὐτῷ
1048 431 1145 524 λόγῳ
1181 424 1184 429 ’

124 537 165 607 τά
182 548 226 625 Δ,
245 546 286 625 Β,
304 547 343 626 Ζ,
368 544 450 608 ἔστω
474 539 512 608 δὲ
534 539 758 627 τεταραγμένη
783 535 896 607 αὐτῶν
919 536 940 626 ἡ
963 535 1144 626 ἀναλογία,

126 642 171 725 ὡς
194 644 256 732 μὲν
277 646 314 714 τὸ
338 655 370 713 Α
391 644 474 734 πρὸς
496 645 534 714 τὸ
558 654 599 732 Β,
622 643 729 726 οὕτως
750 643 789 712 τὸ
812 653 844 712 Β
864 642 947 733 πρὸς
968 643 1007 713 τὸ
1032 651 1073 731 Ζ,
1097 640 1146 726 ὥς

90 750 164 819 διίὲ
191 749 228 820 τὸ
253 759 281 820 Β
303 750 388 840 πρὸς
412 751 450 820 τὸ
475 757 514 838 Γ,
542 750 649 831 οὕτως
671 749 708 820 τὸ
732 759 767 818 A
788 749 871 840 πρὸς
892 747 931 819 τὸ
953 757 996 818 E·
1041 750 1144 838 λίνω,

126 854 177 925 ὅτι
200 857 291 926 ἐστὶν
315 856 361 938 ὡς
382 855 421 926 τὸ
435 867 468 925 A
489 858 573 947 πρὸς
594 857 632 927 τὸ
648 863 687 943 Γ,
711 855 817 938 οὕτως
838 856 877 925 τὸ
897 864 931 925 A
947 854 1033 945 πρὸς
1049 855 1141 943 M.

148 1016 151 1021 .
191 964 358 1052 Εἰλήφθω
388 968 457 1033 τοῖιν
485 963 546 1051 μὲν
574 973 621 1050 A,
644 972 689 1050 Β,
712 972 746 1031 A
774 962 883 1044 ἰσάκις
909 963 1142 1033 πολλαπλάσια

124 1067 165 1138 τά
187 1077 232 1156 Η,
256 1078 295 1157 Θ,
318 1076 365 1156 Κ,
388 1073 457 1139 τῶν
480 1070 518 1138 δὲ
539 1075 578 1157 Γ,
602 1077 642 1156 Ε,
667 1077 694 1137 Ζ
717 1067 814 1157 ἄλλα,
837 1066 859 1136 ὁὶ
882 1073 1008 1156 ἔτυχεν,
1032 1069 1143 1152 ἰσάκις

125 1175 356 1245 πολλαπλάσια
378 1175 419 1245 τά
442 1183 485 1263 A,
509 1184 558 1263 Μ,
582 1184 625 1245 Ν.

74 1296 107 1346 10
192 1285 259 1351 Καὶ
289 1283 359 1352 ἐπεὶ
388 1281 505 1365 ἰσάκιςΙ
522 1283 592 1352 ἐστὶ
618 1282 851 1352 πολλαπλάσια
878 1280 918 1350 τὰ
942 1289 992 1370 Η,
1015 1289 1045 1350 Θ
1070 1285 1140 1351 τῶν

125 1398 172 1475 A,
196 1396 239 1474 Β,
269 1387 310 1456 τὰ
339 1388 376 1457 δὲ
403 1391 486 1478 μέρη
514 1403 585 1470 τοῖς
611 1387 769 1471 ὡσαύτως
795 1393 1057 1469 πολλαπλασίοις
1078 1387 1141 1457 τὸν

77 1517 85 1543 0
126 1491 231 1562 αὐτὸν
254 1498 320 1581 ἔχει
343 1494 458 1584 λόγον,
481 1501 572 1566 ἔστιν
595 1495 661 1586 ἄρα
685 1495 730 1579 ὡς
751 1495 790 1566 τὸ
809 1506 841 1565 A
863 1494 948 1585 πρὸς
963 1497 1002 1565 τὸ
1021 1502 1062 1581 Β,
1084 1491 1141 1564 οὕ·

125 1627 189 1681 τως
218 1599 255 1668 τὸ
279 1608 319 1669 Η
336 1602 421 1690 πρὸς
442 1601 480 1672 τὸ
504 1611 541 1672 Θ.
583 1604 639 1672 διὰ
661 1603 702 1672 τά
726 1603 811 1672 αὐτὰ
836 1602 879 1690 δή
901 1603 957 1671 καὶ
980 1599 1026 1682 ὡς
1048 1599 1086 1670 τὸ
1110 1608 1144 1669 E

125 1706 210 1797 πρὸς
231 1706 269 1776 τὸ
289 1716 327 1794 Ζ,
351 1707 457 1791 οὕτως
479 1709 517 1778 τὸ
537 1717 581 1778 Μ
598 1709 682 1799 πρὸς
703 1709 741 1780 τὸ
760 1717 809 1780 Ν·
839 1714 899 1779 καί
919 1711 1009 1778 ἐστιν
1033 1706 1079 1791 ὡς
1100 1707 1141 1778 τὸ

74 1826 107 1876 15
126 1826 157 1884 A
180 1813 263 1904 πρὸς
290 1813 328 1883 τὸ
352 1823 396 1903 Β,
424 1814 531 1898 οὕτως
557 1816 594 1886 τὸ
620 1826 652 1886 Ε
671 1818 756 1909 πρὸς
778 1817 816 1886 τὸ
841 1825 881 1885 Ζ·
926 1817 982 1885 καὶ
1006 1813 1051 1899 ὡς
1073 1814 1142 1906 ἄρα

67 1972 74 1985 .
125 1921 164 1990 τὸ
187 1931 227 1990 Η
244 1922 329 2011 πρὸς
350 1922 388 1992 τὸ
412 1931 456 2012 Θ,
485 1922 592 2007 οὕτως
613 1925 651 1995 τὸ
675 1934 721 1995 Μ
737 1924 821 2014 πρὸς
842 1924 881 1994 τὸ
905 1931 950 1993 Ν.
988 1923 1046 1992 καὶ
1070 1926 1146 1994 ἐπεί

126 2031 218 2098 ἐστιν
245 2028 289 2111 ὡς
315 2028 354 2098 τὸ
378 2038 407 2098 Β
434 2030 517 2120 πρὸς
543 2032 581 2102 τὸ
606 2039 645 2119 Γ,
673 2030 780 2112 οὕτως
806 2030 844 2100 τὸ
869 2040 903 2099 A
929 2029 1014 2120 πρὸς
1035 2029 1074 2100 τὸ
1099 2039 1141 2119 E,

75 2128 80 2135 ⁵
125 2137 181 2204 καὶ
209 2135 349 2221 ἐναλλάξ
377 2135 422 2220 ὡς
448 2138 486 2208 τί)
510 2147 539 2207 Β
566 2137 649 2223 πρὸς
675 2137 713 2206 τὸ
739 2145 787 2225 A,
815 2135 922 2218 οὕτως
943 2135 981 2206 τὸ
1005 2143 1038 2205 Γ
1056 2137 1142 2227 πρὸς

100 2242 163 2314 ’τὸ
187 2253 225 2314 Β.
266 2246 322 2314 καί
345 2247 416 2316 ἐπεὶ
437 2245 479 2314 τὰ
502 2253 546 2332 Θ,
568 2251 604 2312 Κ
623 2249 691 2313 τῶν
713 2251 758 2329 Β,
781 2253 815 2311 A
838 2243 947 2324 ἰσάκις
970 2244 1038 2313 ἐστὶ
1061 2251 1142 2313 πολ-

74 2360 108 2410 20
126 2353 307 2438 λαπλάσια,
334 2350 374 2420 τὰ
403 2352 440 2421 δὲ
468 2353 551 2441 μέρη
574 2363 644 2430 τοῖς
667 2349 776 2431 ἰσάκις
797 2355 1057 2432 πολλαπλασίοις
1079 2349 1142 2420 τὸν

126 2456 231 2527 αὐτὸν
254 2464 320 2547 ἔχει
343 2457 457 2546 λόγον,
480 2464 571 2526 ἔστιν
594 2456 659 2546 ἄρα
683 2454 728 2538 ὡς
749 2455 788 2526 τὸ
807 2465 836 2524 Β
858 2456 943 2545 πρὸς
959 2455 998 2526 τὸ
1018 2465 1063 2543 A,
1087 2455 1143 2525 οὕ-

125 2591 190 2645 τως
212 2563 250 2632 τὸ
274 2572 303 2632 Θ
324 2563 408 2652 πρὸς
429 2563 468 2632 τὸ
490 2571 531 2632 Κ.
572 2561 645 2632 ἄλλ’
671 2561 716 2646 ὡς
738 2565 776 2634 τὸ
800 2573 828 2633 Β
851 2563 935 2653 πρὸς
956 2563 995 2633 τὸ
1015 2573 1059 2652 Δ,
1084 2562 1142 2634 οὕ-

125 2697 189 2750 τως
216 2669 253 2738 τὸ
278 2675 311 2736 Γ
333 2668 417 2758 πρὸς
438 2669 476 2738 τὸ
500 2677 542 2737 Β·
578 2672 634 2739 καί
657 2669 703 2752 ὥς
725 2670 791 2760 άρα
813 2669 851 2740 τὸ
875 2678 904 2739 Θ
926 2669 1011 2760 πρὸς
1033 2671 1071 2740 τὸ
1096 2676 1140 2760 Κ,

127 2773 233 2854 οὕτως
259 2773 297 2842 τὸ
321 2781 354 2842 Γ
375 2773 458 2863 πρὸς
482 2775 522 2846 τὸ
546 2784 584 2846 Β.
629 2777 745 2865 πάλιν,
774 2777 843 2846 ἐπεὶ
870 2775 911 2845 τὰ
935 2785 982 2866 Λ,
1005 2785 1050 2846 Μ
1071 2782 1142 2848 τῶν

72 2885 164 2966 ⁵251,
188 2889 220 2948 E
249 2880 358 2962 ἰσάκις
385 2884 453 2952 ἐστι
480 2884 726 2971 πολλαπλάσια,
757 2883 851 2953 ’ἐστιν
878 2883 944 2974 άμα
972 2882 1018 2966 ὥς
1045 2883 1082 2954 τὸ
1112 2891 1146 2955 Γ

125 2987 209 3076 πρὸς
235 2986 273 3058 τὸ
297 2995 342 3077 Β,
371 2987 476 3072 οὕτως
502 2989 541 3060 τὸ
565 2999 596 3060 A
619 2990 702 3082 πρὸς
724 2989 762 3060 τὸ
786 2998 834 3059 Μ.
880 2988 954 3060 ἄλλ’
982 2989 1028 3073 ὥς
1050 2989 1088 3060 τὸ
1112 2999 1146 3062 Γ

198 3229 222 3278 2.
243 3222 333 3293 Supra
352 3217 383 3278 ἐν
402 3223 465 3278 add.
484 3225 536 3280 καί
551 3239 587 3279 m.
607 3228 623 3278 2
642 3222 672 3277 F.
745 3229 771 3279 3.
789 3220 1014 3296 τετεταραμμίνη
1038 3224 1070 3292 P,
1089 3225 1141 3280 sed

127 3308 197 3349 corr.
271 3300 295 3348 7.
315 3295 358 3366 A]
378 3311 392 3349 e
412 3312 481 3352 corr.
500 3313 528 3364 p.
601 3299 625 3349 8.
646 3288 665 3348 ἃ
687 3291 797 3377 ἔταμεν]
816 3311 873 3364 mg.
893 3313 930 3348 m.
950 3296 1047 3365 2p0st
1064 3294 1144 3351 laeu-

126 3379 193 3417 ηοω
211 3369 227 3418 5
246 3364 301 3419 litt.
316 3367 347 3421 F.
422 3371 463 3420 10.
483 3364 528 3435 H]
542 3367 609 3434 post
623 3383 676 3420 ras.
694 3371 707 3420 1
723 3365 779 3423 1111.
794 3366 823 3422 F.
898 3361 1142 3423 11.ιαίίσιιι1’.

164 3440 205 3492 14.
232 3429 336 3508 οὕτως]
362 3438 415 3492 καί
434 3437 469 3501 Βς
494 3452 547 3490 om.
571 3455 599 3506 p.
674 3442 715 3492 15.
739 3431 844 3522 οὕτως]
870 3453 916 3492 om
949 3436 1035 3508 BVp.
1072 3436 1144 3495 Post

127 3504 180 3561 hoe
199 3507 316 3562 uerbum
339 3525 397 3578 rep.
416 3507 437 3562 F
457 3507 505 3562 lin.
527 3512 573 3563 13:
596 3504 629 3563 τὸ
648 3511 679 3562 Η
692 3513 789 3564 -1⁶:
809 3526 841 3562 το
860 3513 891 3564 Β.
965 3513 1008 3564 16.
1033 3501 1142 3582 οὕτως]
