2446 3938
249 106 257 119 '
344 123 619 174 attuariorum
636 123 745 175 amaa
763 123 796 176 v,
1054 121 1096 186 67

80 266 113 329 Γ
124 287 131 329 :
147 268 179 328 E
191 294 233 317 =
248 269 277 329 Θ
290 287 298 328 t
312 269 354 330 K.
380 238 487 350 'quare
506 265 604 330 etiam
619 271 647 330 Θ
661 290 669 331 :
683 270 718 330 K
731 297 773 319 ==
790 270 820 330 Λ
835 290 843 332 :
857 272 899 332 M
911 267 1096 353 [prop.XI],
1141 247 1148 264 ⁸

81 374 115 435 et
141 371 355 454 permutando
381 374 483 456 [prop.
507 371 601 454 XVI]
625 376 653 436 Θ
667 395 675 436 2
689 376 721 436 Λ
736 403 778 426 =
794 377 829 438 K
841 397 849 438 t
864 378 912 442 Μ.
958 374 1015 438 sed
1044 373 1095 438 de-

80 480 298 542 monstratum
321 481 380 562 est,
403 500 473 544 esse
497 478 595 543 etiam
609 482 649 542 H
660 501 668 542 :
682 483 711 542 Θ
726 510 767 533 =
785 484 846 543 M:
860 483 904 544 N.
935 481 1002 544 iam
1017 501 1095 566 quo-

79 583 169 648 niam
193 584 288 649 datae
311 589 387 650 sunt
408 588 475 649 tres
499 585 741 670 magnitudines
765 590 813 669 H,
836 590 878 668 Θ,
901 589 933 648 Λ
956 591 989 651 et
1012 588 1095 652 aliae

78 691 118 755 iis
142 711 276 755 numero
301 691 452 776 aequales
471 694 513 776 K,
531 695 579 774 M,
597 694 641 775 N,
663 691 759 755 binae
786 691 883 756 simul
902 693 1094 758 eoniunotae

78 796 115 860 in
144 797 256 863 eadem
283 796 506 880 proportione,
534 800 567 860 et
592 797 785 881 perturbata
814 802 864 862 est
887 819 999 863 earum
1022 821 1094 883 pro-

77 903 187 988 portio
208 902 297 984 ·[def.
327 903 397 984 18],
429 924 469 966 ex
502 924 617 988 aequo,
651 904 679 968 si
710 908 747 968 Η
777 904 1036 989 magnitudinem
1064 910 1094 969 Λ

79 1011 225 1094 superat,
249 1009 353 1074 etiam·
372 1011 408 1072 K
427 1008 686 1094 magnitudinem
708 1012 748 1074 N
768 1014 913 1094 superat,
936 1013 969 1075 et
992 1011 1020 1075 si
1043 1032 1093 1075 ae·
1123 1008 1126 1015 ’

80 1114 199 1200 qualis,
222 1115 366 1199 aequalis
390 1118 452 1198 est,
482 1119 514 1180 et
537 1114 565 1180 si
587 1117 707 1200 minor,
734 1116 842 1181 minor
866 1119 970 1200 [prop.
993 1116 1095 1199 ΧΧΠ.

80 1225 114 1286 et
139 1224 183 1306 H,
206 1224 242 1285 K
261 1221 520 1306 magnitudinum
543 1227 585 1306 A,
608 1227 642 1285 Δ
665 1243 766 1306 aeque
789 1222 985 1308 multiplices
1010 1228 1095 1309 sunt,

78 1331 120 1412 A,
134 1330 174 1391 N
193 1332 302 1392 autem
324 1327 585 1414 magnitudinum
608 1331 696 1413 Γ,Ζ.
729 1329 839 1414 itaque
853 1333 1094 1396 A:F=A:Z

80 1433 155 1516 [def.
180 1432 225 1514 5].

145 1538 236 1626 Ergo
264 1539 293 1604 si
316 1539 411 1604 datae
436 1543 512 1604 sunt
534 1544 600 1605 tres
624 1541 866 1626 magnitudines
889 1545 923 1606 et
945 1542 1028 1607 aliae
1053 1544 1093 1608 iis

77 1668 213 1712 numero
245 1647 409 1731 aequales,
442 1646 540 1711 binae
572 1647 669 1711 simul
697 1648 889 1713 coniunctae
917 1648 951 1711 in
981 1649 1092 1714 eadem

76 1753 299 1838 proportione,
322 1755 355 1816 et
377 1753 569 1837 perturbata
591 1756 642 1818 est
665 1775 775 1818 earum
793 1754 971 1839 proportio,
996 1756 1093 1820 etiam

78 1881 119 1924 ex
147 1880 248 1945 aequo
274 1859 310 1923 in
333 1858 445 1924 eadem
468 1860 680 1944 proportione
703 1863 811 1944 erunt3
840 1860 926 1945 quod
950 1864 1019 1926 erat
1041 1861 1093 1926 de·

10 2008 16 2015 -
77 1965 336 2031 monstrandum.

391 2194 398 2207 ,
523 2106 643 2172 XXIV.

149 2246 184 2314 Si
218 2249 326 2333 prima
359 2249 399 2314 ad
435 2249 608 2315 secundam
637 2248 773 2315 eandem
804 2248 965 2314 rationem
994 2249 1095 2314 habet

78 2377 117 2420 ao
143 2354 242 2420 tertia
270 2355 310 2420 ad
334 2359 497 2442 quartam,
524 2360 557 2421 et
582 2356 682 2422 etiam
712 2355 826 2439 quinta
855 2353 895 2419 ad
920 2357 1094 2421 secundam

77 2461 214 2527 eandem
241 2463 400 2528 rationem
428 2463 528 2527 habet
556 2485 593 2528 ae
621 2465 711 2528 sexta
739 2460 780 2525 ad
807 2465 971 2546 quartam,
994 2462 1093 2527 etiam
1144 2545 1148 2551 ,

76 2567 276 2653 compositae
311 2568 418 2654 prima
455 2574 488 2635 et
522 2569 637 2654 quinta
670 2568 710 2632 ad
747 2567 922 2634 secundam
954 2568 1089 2634 eandem

76 2657 240 2740 rationem
265 2674 435 2741 habebunt
459 2697 495 2740 ae
518 2675 616 2740 tertia
639 2677 794 2758 sextaque
819 2675 859 2740 ad
884 2678 1041 2758 quartam.

76 2933 169 3000 ἰσάκις
190 2934 384 2993 πολλαπλάσια
406 2938 470 2994 add.
494 2937 549 3008 Bp.
633 2944 674 2993 12.
699 2938 739 3010 Γ]
764 2954 833 2994 corr.
857 2954 891 2992 ex
914 2942 936 2992 B
959 2957 996 2994 m.
1020 2944 1036 2991 2
1060 2938 1091 2992 P.

113 3014 156 3064 14.
174 3009 224 3064 καὶ
242 3003 274 3064 ἒν
286 3009 322 3076 Ρ;
341 3010 394 3064 καί
403 3009 467 3064 add.
482 3009 512 3064 in
527 3027 584 3080 mg.
599 3027 634 3064 m.
650 3016 666 3063 2
682 3007 712 3077 F,
728 3009 778 3062 sed
791 3025 870 3063 enan.
936 3015 978 3064 16.
999 3006 1089 3078 ἔσται]

76 3096 131 3135 om.
154 3080 186 3136 P.
260 3086 302 3136 18.
322 3078 387 3151 ἔχῃ]
409 3078 467 3150 ἔχει
485 3081 515 3134 Ρ.
