2446 3938
57 185 59 189 ·
95 171 101 182 “
141 194 206 260 218
518 193 719 247 monam
738 189 773 258 ς’.

198 337 373 405 Ἔστωσαν
395 335 551 423 τέσσαρες
573 332 716 422 ἀριθμοὶ
738 330 910 420 ’ἀνάλογον
933 335 968 401 οἱ
989 342 1031 419 A,
1055 340 1095 419 Β,
1119 338 1159 419 Γ,

141 452 186 530 Δ,
210 439 255 522 ὡς
274 437 292 511 6
309 450 342 508 A
359 439 443 531 πρὸς
460 440 521 510 τὸν
536 447 576 526 Β,
600 436 706 519 οὕτως
725 435 790 507 ὅΓ
803 437 888 527 πρὸς
905 437 966 508 τὸν
981 447 1027 506 A·
1060 440 1158 526 λέγω,

142 548 194 618 ὅτι
215 547 273 616 καὶ
295 546 438 629 ἐναλλὰξ
461 545 634 633 ἀνάλογον
657 550 802 632 ἔσονται,
827 542 872 626 ὡς
895 543 912 615 ‹‘;
937 555 969 615 A
991 543 1075 634 πρὸς
1097 545 1158 614 τὸν

142 662 180 743 Γ,
206 655 312 734 οὕτως
335 650 354 722 6
378 661 408 722 Β
431 652 514 743 πρὸς
536 652 597 722 τὸν
621 662 663 722 A.

107 778 123 828 5
196 759 295 835 ,Ἐπεὶ
322 760 388 850 γάρ
417 763 507 829 ἐστιν
535 757 581 840 ὡς
603 757 621 828 6
646 767 678 828 A
700 757 784 848 πρὸς
806 758 868 828 τὸν
890 767 934 846 Β,
958 760 1065 839 οὕτως
1088 757 1106 828 6
1131 765 1163 827 Γ

141 865 225 955 πρὸς
246 865 307 936 τὸν
331 875 380 954 A,
404 863 423 936 6
448 865 514 955 ἄρα
537 868 638 956 μέρος
660 866 752 935 ἐστὶν
776 863 794 934 6
818 875 851 934 A
873 869 934 934 τοῦ
957 874 986 934 Β
1014 861 1035 952 6
1064 865 1159 953 μέρη,

141 971 179 1042 τὸ
209 971 292 1042 αὐτὸ
316 974 417 1062 μέρος
439 973 509 1041 ἐστὶ
531 973 587 1040 καὶ
611 969 629 1040 6
654 978 687 1040 Γ
704 976 766 1040 τοῦ
790 980 824 1039 A
846 968 867 1059 6
890 975 931 1040 τὰ
954 969 1040 1040 αὐτὰ
1066 974 1159 1059 μέρη.

142 1078 334 1160 ἐναλλᾶξ”
312 1106 393 1167 αρα,
422 1074 441 1148 6
470 1080 571 1168 μέρος
598 1076 730 1147 ἐστὶν
715 1106 733 1147 ο
757 1088 790 1146 A
811 1083 874 1147 τοῦ
896 1075 967 1165 Γῆ
992 1080 1090 1167 μέρη,
1119 1077 1157 1146 τὸ

143 1183 224 1254 αὐτο
209 1183 343 1317 μέρος
362 1185 433 1254 ἐστὶ
450 1187 507 1254 καὶ
526 1182 588 1254 6B
606 1210 669 1253 του
653 1181 756 1252 ”’“Λ
735 1212 757 1272 η
776 1185 817 1253 τὰ
836 1182 921 1254 αὐτὰ
941 1186 1034 1273 μέρη.
1067 1189 1159 1252 ἔστιν

90 1307 123 1358 10
142 1289 208 1380 ἄρα
236 1289 280 1372 ὡς
308 1290 327 1361 6
355 1302 388 1360 A
413 1290 498 1378 πρὸς
524 1291 585 1360 τὸν
613 1297 651 1378 Γ,
680 1291 787 1371 οὕτως
815 1319 833 1360 ο
857 1298 886 1359 Β
916 1289 1000 1380 πρὸς
1026 1289 1087 1359 τὸν
1111 1300 1158 1359 A·

142 1398 223 1484 ὅπερ
247 1401 316 1467 ἔδει
339 1401 453 1480 δεῖξαι.

620 1556 678 1627 ιδ’.

204 1679 293 1749 Ἐὰν
330 1673 428 1751 οἷσιν
465 1679 687 1750 ὁποσοιοῦν
728 1678 898 1768 ἀριθμοὶ
938 1681 1002 1748 καὶ
1042 1679 1158 1748 ἄλλοι

144 1783 281 1868 αὐτοῖς
309 1795 391 1856 ἴσοι
417 1786 460 1881 τὸ
495 1790 648 1874 πλῆθος
683 1785 836 1856 σύνδυο
859 1785 1158 1873 λαμβανόμενοι

91 1907 124 1959 15
141 1894 207 1962 καὶ
231 1896 272 1963 ἐν
294 1897 345 1987 τῷ
365 1891 468 1988 αὐτῷ
492 1891 612 1986 λόγῳ,
635 1893 700 1962 καὶ
724 1890 774 1962 δι’
800 1901 890 1961 ἴσου
913 1894 957 1961 ἐν
979 1895 1028 1982 τῷ
1053 1888 1157 1983 αὐτῷ
1192 1954 1198 1958 .

33 2050 40 2061 .
141 2001 245 2092 λόγῳ
269 2005 440 2069 ἔσονται.

199 2103 375 2175 Ἔστωσαν
394 2102 580 2176 ὁποσοιοῦν
597 2102 741 2194 ἀριθμοὶ
760 2107 796 2173 οἱ
811 2113 858 2191 A,
877 2112 922 2191 Β,
941 2110 974 2173 Γ
987 2105 1042 2172 καὶ
1060 2103 1159 2173 ἄλλοι

138 2209 257 2291 αὐτοῖς
285 2219 352 2280 ἴσοι
380 2210 418 2280 τὸ
447 2215 580 2298 πλῆθος
610 2209 740 2280 σύνδυο
768 2208 1018 2297 λαμβανόμενοι
1046 2212 1083 2278 ἐν
1111 2215 1159 2302 τῷ

142 2316 233 2410 αὐτῷ
261 2317 351 2404 λόγῳ
384 2321 421 2386 οἱ
446 2325 495 2403 A,
518 2325 563 2405 E,
587 2325 630 2404 Ζ,
657 2314 702 2397 ὥς
729 2316 791 2404 μὲν
819 2313 837 2384 6
861 2325 894 2384 A
920 2314 1004 2404 πρὸς
1025 2314 1087 2412 τὸν
1117 2323 1159 2401 Β,

87 2447 124 2497 20
144 2425 251 2504 οὕτως
273 2421 291 2492 6
316 2431 351 2490 A
372 2418 461 2511 πρὸς
477 2422 538 2491 τὸν
561 2429 601 2510 Ε,
625 2419 670 2503 ὡς
693 2422 731 2491 66
755 2421 773 2491 6
797 2429 826 2489 B
848 2422 934 2510 πρὸς
955 2421 1016 2489 τὸν
1040 2426 1078 2508 Γ,
1102 2421 1159 2490 06-

37 2531 39 2537 ⁴
141 2555 207 2611 τως
235 2527 253 2598 6
276 2537 309 2597 Β
333 2527 418 2618 πρὸς
444 2526 505 2597 τὸν
529 2536 569 2596 Ζ·
606 2529 708 2615 λέγω,
736 2526 789 2596 ὅτι
815 2529 871 2596 καὶ
899 2524 940 2597 δι’
966 2536 1043 2596 ἴσον
1067 2527 1159 2596 ἐστὶν

143 2634 189 2717 ὥς
212 2634 230 2704 6
254 2644 287 2703 A
308 2634 394 2724 πρὸς
414 2633 476 2704 τὸν
498 2640 537 2721 Γ,
561 2634 668 2715 οὕτως
691 2631 709 2702 6
733 2642 767 2701 A
789 2632 873 2720 πρὸς
894 2632 956 2702 τὸν
979 2641 1016 2702 Ζ.

206 2741 295 2810 Ἐπεὶ
317 2741 383 2830 γάρ
407 2743 498 2810 ἐστιν
522 2737 567 2820 ὥς
590 2737 609 2809 6
634 2749 666 2808 A
688 2738 773 2828 πρὸς
794 2739 856 2810 τὸν
879 2749 924 2826 Β,
953 2738 1058 2819 οὕτως
1081 2735 1100 2807 6
1125 2749 1159 2806 A

143 2847 228 2933 πρὸς
250 2845 311 2915 τὸν
335 2855 380 2934 Ε,
404 2845 545 2928 ἐναλλὰξ
568 2845 634 2935 α”ρα
657 2847 750 2916 ἐστὶν
773 2845 817 2928 ὡς
840 2844 858 2914 6
877 2855 910 2915 A
932 2846 1016 2936 πρὸς
1038 2845 1099 2914 τὸν
1114 2856 1159 2933 A,

89 2976 124 3026 νο
144 2953 250 3033 οὕτως
278 2949 296 3021 6
321 2960 350 3021 Β
377 2951 462 3044 πρὸς
487 2953 549 3023 τὸν
573 2961 611 3022 Ε.
655 2953 775 3041 πάλιν,
803 2956 877 3023 ἐττεί
901 2956 991 3023 ἐστιν
1019 2950 1064 3032 ὡς
1087 2949 1105 3020 6
1130 2960 1159 3020 B

142 3057 225 3149 πρὸς
251 3058 312 3128 τὸν
341 3065 379 3147 Γ,
412 3057 521 3140 οὕτως
548 3057 567 3129 6
595 3066 627 3129 Ε
652 3058 736 3148 πρὸς
763 3057 824 3129 τὸν
852 3067 896 3147 Ζ,
924 3058 1065 3141 ἐναλλὰξ
1093 3058 1160 3146 ἄρα

142 3167 232 3236 ἐστὶν
261 3163 306 3247 ὡς
333 3164 351 3234 6
375 3173 405 3234 Β
432 3165 516 3254 πρὸς
542 3163 602 3234 τὸν
626 3173 670 3252 E,
700 3165 806 3296 οὕτως
834 3164 852 3234 6
877 3172 910 3234 Γ
927 3164 1010 3291 προς
1032 3165 1095 3234 τὸν
1122 3173 1160 3234 Ζ.

143 3270 188 3352 ὡς
211 3273 249 3340 δὲ
273 3270 291 3341 6
314 3279 343 3340 Β
366 3271 451 3360 πρὸς
473 3269 534 3340 τὸν
557 3279 597 3359 Β,
622 3270 728 3352 οὕτως
751 3269 769 3342 6
789 3280 821 3341 A
843 3271 928 3361 πρὸς
949 3273 1010 3341 τὸν
1030 3280 1076 3340 A
1103 3273 1160 3339 καὶ

214 3455 239 3503 9.
258 3449 298 3520 Β]
318 3465 334 3504 ο
352 3465 423 3504 corr.
441 3448 475 3503 V
513 3444 633 3518 μέρη
602 3468 637 3503 τα
656 3412 777 3519 αὐτας)
851 3453 893 3504 15.
911 3449 978 3522 καί]
999 3467 1054 3507 om.
1072 3451 1160 3522 Vp6.

142 3514 284 3594 λόγῳ]υι.
303 3535 358 3576 rec
377 3519 409 3576 Β
483 3525 526 3574 17.
546 3519 586 3590 Γ]
607 3524 644 3589 Γ,
662 3526 733 3591 Ap.
805 3525 849 3577 2⁷.
869 3514 919 3593 ας]
939 3537 993 3577 σοι
1013 3540 1041 3592 p
