2446 3938
373 189 647 239 murmuroauu
666 189 775 238 mura
792 190 840 240 m.
1054 185 1120 251 393

559 365 663 430 XXII.

171 468 205 535 Si
227 471 390 556 quotlibet
408 461 534 536 numeri
553 472 695 556 impares
715 473 963 556 componuntur,
982 475 1015 537 et
1037 473 1119 536 mul-

106 577 212 642 titudo
237 598 350 644 eorum
372 600 433 662 par
457 581 515 661 est,
537 581 626 642 totus
650 600 710 661 par
734 578 804 643 erit.

170 681 418 768 Componantur
446 684 532 748 enim
561 685 722 768 quotlibet
749 684 875 748 numeri
898 685 1037 768 impares
1060 708 1117 750 nu-

102 811 191 854 mero
219 811 314 873 pares
342 794 418 875 AB,
441 793 513 874 ΒΓ,
533 793 608 875 ΓΔ,
628 794 703 854 ΔΕ.
741 790 827 875 dico,
850 793 957 856 totum
976 796 1045 856 ΑΕ
1064 814 1120 875 pa·

101 917 170 960 rem
194 917 272 961 esse.

317 1019 587 1070 ΑΒΓ
692 1021 718 1069 Δ
862 1020 887 1070 Ε

317 1103 874 1143 ι--μ-Α--ι-ι

169 1235 246 1277 nam
275 1213 427 1298 quoniam
457 1211 578 1297 singuli
603 1212 731 1276 numeri
753 1217 833 1296 AB,
857 1215 928 1296 BF,
952 1216 1027 1298 ΓΔ,
1050 1220 1122 1279 ΛΕ

106 1319 247 1402 impares
272 1322 361 1403 sunt,
388 1319 513 1383 unitate
538 1341 557 1383 a
580 1319 718 1404 singulis
743 1319 922 1402 subtracta,
946 1320 1001 1403 qui
1025 1322 1120 1385 relin-

105 1428 256 1510 quuntur,
280 1424 402 1511 singuli
423 1447 518 1507 pares
542 1428 637 1490 erunt
656 1423 734 1506 [VII
748 1425 809 1490 def.
825 1426 867 1506 7].
901 1446 1000 1511 quare
1019 1427 1131 1498 etiam,

103 1554 255 1597 numerus
280 1555 320 1597 ex
341 1532 382 1597 iis
405 1533 605 1616 compositus
627 1554 688 1616 par
711 1532 774 1596 erit
798 1534 902 1616 [prop.
917 1531 1022 1613 XXI].
1063 1555 1117 1598 ue-

102 1660 174 1701 rum
202 1637 301 1701 etiam
328 1637 503 1702 multitudo
532 1638 696 1702 unitatum
723 1659 783 1720 par
814 1641 872 1702 est.
919 1659 996 1724 ergo
1020 1640 1119 1704 etiam

105 1746 194 1806 totus
217 1745 286 1805 ΑΕ
306 1764 366 1824 par
390 1746 439 1806 est
464 1743 549 1826 [id.];
574 1742 660 1855 qupd
684 1745 755 1806 arat
778 1742 1073 1810 demonstrandum.

550 1934 673 2000 XXIII.
748 1960 752 1968 ·

173 2040 208 2107 Si
227 2041 391 2127 quotlibet
408 2041 535 2106 numeri
553 2041 695 2126 impares
715 2046 962 2126 componuntur,
986 2047 1019 2108 et
1036 2045 1120 2108 mul-

106 2149 213 2216 titudo
238 2171 349 2214 eorum
372 2148 477 2231 impar
500 2151 558 2231 est,
582 2148 680 2212 etiam
704 2150 794 2213 totus
817 2148 924 2233 impar
948 2149 1019 2216 erit.

170 2254 417 2340 Componantur
435 2254 520 2318 anim
540 2254 702 2338 quotlibet
719 2255 847 2318 numeri
866 2256 1016 2340 impurae,
1040 2277 1119 2340 quo-

102 2384 175 2426 rum
199 2362 372 2427 multitudo
396 2361 502 2444 impar
525 2362 577 2441 sit,
599 2364 675 2445 AB,
697 2363 770 2447 ΒΓ,
792 2364 863 2426 ΓΛ.
910 2361 996 2447 uico,
1020 2362 1118 2427 etiam

102 2471 210 2533 totum
233 2472 304 2532 ΑΔ
326 2468 485 2551 imparem
509 2457 587 2532 eise.

423 2639 786 2680 r--r-r———r—r

423 2702 445 2750 A
531 2701 553 2750 B
600 2700 627 2750 Γ
733 2699 797 2750 ΕΔ

175 2839 387 2904 subtrahatur
415 2862 434 2905 a
457 2843 520 2905 ΓΔ
546 2840 656 2906 unitas
680 2845 714 2904 A
720 2845 757 2906 Ε.
802 2842 912 2925 itaque
940 2841 995 2924 qui
1022 2842 1120 2906 relin-

104 2945 222 3029 quitur,
244 2948 310 3010 ΓΕ
339 2969 400 3032 par
430 2950 480 3011 est
510 2945 589 3028 [VII
612 2946 673 3012 def.
698 2948 743 3028 Π.
789 2969 901 3012 uerum
934 2947 1032 3012 etiam
1059 2950 1120 3012 ΓΑ

103 3073 163 3135 par
187 3054 237 3114 est
261 3053 368 3137 [prop
384 3050 502 3133 XXH].
544 3073 643 3137 quare
667 3052 765 3116 etiam
788 3056 878 3118 totus
897 3056 966 3116 ΑΕ
985 3074 1046 3134 par
1069 3055 1119 3116 est

103 3159 210 3240 [prop.
229 3155 332 3238 XXI}
369 3161 402 3222 at
422 3162 492 3223 ΔΕ
512 3159 624 3224 unitas
648 3161 707 3223 ast.
747 3179 825 3243 ergo
845 3162 917 3221 ΑΔ
940 3157 1047 3240 impar
1071 3160 1120 3221 est

105 3262 184 3345 [VII
208 3263 270 3328 def.
295 3265 342 3350 7];
366 3265 451 3349 quod
476 3268 546 3329 erat
568 3263 864 3330 demonstrandum.

104 3455 194 3526 pomp.
214 3437 249 3506 Ἐς
269 3413 404 3526 iuerg.
473 3414 626 3511 irvri'ieq.
645 3456 699 3494 ras.
721 3445 735 3492 1
754 3438 810 3494 litt.
830 3439 864 3508 V,
883 3434 958 3494 ἐστιν
977 3439 1008 3492 Β.
1075 3445 1117 3494 24.

102 3510 177 3581 αρα]
197 3527 251 3566 om.
271 3528 297 3579 q.
372 3529 443 3581 οπερ
463 3508 523 3566 ἔδει
541 3510 652 3582 δεῖξαι]
672 3527 726 3566 om.
745 3508 828 3578 qu.
