2446 3938
115 184 181 249 320
490 186 691 239 Στοιαυαια
708 182 749 255 η’.

183 327 279 412 Λέγω
309 324 367 412 δή,
400 322 451 393 ὅτι
478 325 534 392 καὶ
562 323 580 393 6
608 336 640 393 A
667 325 751 413 πρὸς
777 327 838 397 τὸν
866 335 894 397 Β
928 332 1136 397 διπλασίονα

115 430 218 516 λόγον
246 436 312 518 ἔχει
344 429 429 517 ἥπερ
456 427 477 517 ἡ
506 429 672 517 ὁμόλογος
698 429 825 519 πλευρὰ
852 431 937 517 πρὸς
962 432 1030 519 τὴν
1055 431 1135 520 ὁμό-

115 544 219 621 λογον
245 536 411 623 πλευράν,
437 538 609 605 τουτέστιν
636 538 720 623 ἤπερ
749 534 767 604 6
792 543 824 604 Γ
850 535 934 625 πρὸς
959 537 1026 606 τὸν
1055 546 1091 606 E
1115 535 1135 625 ἢ

116 642 135 711 δ
168 651 202 709 A
229 641 312 728 πρὸς
341 641 402 711 τὸν
430 650 465 710 Ζ.
511 643 581 710 ἐπεὶ
607 642 673 728 γὰρ
701 645 738 709 οί
763 651 810 726 A,
828 648 878 728 H,
896 648 926 709 Β
953 645 1032 730 ἑξῆς
1056 642 1136 711 ἄντί-

79 748 220 835 ολογόν
243 753 345 833 εἰσιν,
370 745 388 816 6
412 757 445 815 A
467 746 552 835 πρὸς
573 745 633 815 τὸν
656 755 685 815 Β
709 752 911 816 διπλασίονα
933 748 1041 836 λόγον
1067 754 1135 837 ἔχει

114 854 198 941 ἥπερ
226 854 310 941 πρὸς
337 852 396 923 τὸν
424 861 468 921 Η.
512 859 571 921 καί
598 856 689 922 ἐστιν
716 851 761 934 ὡς
789 851 807 922 ὁ
836 864 869 922 A
891 853 977 939 πρὸς
998 854 1065 924 τὸν
1088 861 1134 942 Η,

115 962 221 1041 οὕτως
240 960 312 1028 ὅτε
335 967 367 1028 Γ
385 959 469 1048 πρὸς
490 959 550 1028 τὸν
573 967 605 1026 Β
625 960 681 1026 καὶ
705 960 724 1028 6
748 968 782 1026 A
804 957 887 1047 πρὸς
908 958 969 1028 τὸν
996 968 1035 1030 Ζ.
1077 962 1135 1029 καὶ

115 1067 133 1134 6
158 1077 190 1134 A
212 1065 278 1153 ἄρα
301 1065 384 1153 πρὸς
405 1064 466 1134 τὸν
489 1074 518 1133 Β
542 1069 742 1133 διπλασίονα
769 1064 873 1151 λόγου
900 1069 967 1152 ἔχει
998 1064 1090 1155 ἥπερ
1114 1065 1133 1137 6

116 1178 148 1239 Γ
168 1171 252 1257 πρὸς
273 1170 333 1240 τὸν
357 1169 429 1259 Εῆ
454 1172 472 1240 6
497 1180 531 1238 A
553 1169 636 1258 πρὸς
657 1169 719 1238 τὸν
743 1178 784 1239 Ζ·
813 1171 894 1257 ὅπερ
917 1174 987 1238 ἔδει
1012 1174 1135 1254 δεῖξαι.
1207 1243 1208 1248 ,

63 1408 97 1456 10
587 1383 649 1452 ιδ’.

182 1505 266 1573 Δύο
299 1502 448 1592 ὁμοίων
481 1510 651 1593 στερεῶν
683 1504 868 1592 ἀριθμῶν
901 1506 972 1575 δύο
1013 1509 1138 1595 μέσοι

70 1622 74 1631 “
114 1610 314 1696 ἀνάλογον
338 1615 601 1699 ἐμπίπτουσιν
625 1609 806 1699 ἀριθμοί·
829 1613 893 1680 καί
917 1613 935 1680 6
965 1615 1139 1702 στερεὸς

114 1716 211 1801 πρὸς
241 1716 309 1785 τὸν
338 1719 482 1804 ὅμοιον
515 1718 678 1805 στερεὸν
705 1725 971 1805 τριπλασίονα
1005 1721 1138 1808 λόγον

115 1828 194 1910 ἔχει
226 1822 321 1910 ἤπερ
353 1820 374 1908 ἡ
406 1821 600 1909 ὁμόλογος
626 1823 775 1911 πλευρὰ
804 1822 902 1910 πρὸς
932 1821 1006 1909 τὴν
1037 1823 1137 1913 ὁμό-

63 1952 96 2001 15
115 1936 236 2016 λογον
258 1928 442 2017 πλευράν.

172 2035 347 2105 Ἔστωσαν
379 2034 442 2103 δύο
476 2033 588 2121 ὅμοιοι
621 2037 748 2120 στερεοὶ
782 2039 818 2104 oc
842 2043 889 2120 A,
908 2041 952 2121 B,
981 2036 1041 2103 καὶ
1068 2044 1136 2108 τοῦ

113 2142 175 2229 μὲν
198 2152 230 2209 Α
253 2141 392 2228 πλευραὶ
416 2145 566 2208 ἔστωσαν
590 2144 625 2209 οί
646 2147 689 2225 Γ,
708 2149 756 2226 A,
776 2148 820 2227 E,
843 2144 906 2209 τοῦ
928 2139 967 2208 δὲ
984 2146 1015 2208 Β
1037 2146 1074 2210 oc
1093 2152 1135 2231 Z,

115 2254 164 2333 Η,
184 2255 222 2316 Θ.
265 2248 321 2313 καὶ
353 2246 423 2314 ἐπεὶ
455 2246 567 2332 ὅμοιοι
599 2253 732 2335 στερεοί
761 2250 847 2313 εἰσιν
885 2248 919 2313 οί
954 2244 1135 2335 ἀνάλογον

114 2359 245 2441 ἔχοντες
275 2353 335 2432 τὰς
366 2351 526 2439 πλευράς,
559 2357 649 2419 ἔστιν
681 2351 748 2440 ἄρα
776 2349 820 2430 ὡς
850 2350 912 2437 μὲν
940 2349 959 2419 6
988 2359 1023 2421 Γ
1044 2354 1136 2442 πρὸς

60 2482 95 2531 20
112 2459 174 2527 τὸν
198 2468 242 2544 A,
266 2456 372 2538 οὕτως
395 2455 413 2524 6
438 2465 466 2524 Z
488 2456 572 2544 πρὸς
594 2456 655 2526 τὸν
679 2462 722 2542 Η,
746 2455 791 2536 ὡς
814 2456 852 2525 δὲ
870 2457 888 2525 6
909 2467 944 2525 A
961 2458 1047 2547 πρὸς
1064 2459 1133 2530 τὸν

113 2573 157 2649 Ε,
190 2563 296 2645 οὕτως
328 2565 345 2632 ὁ
374 2571 415 2632 Η
436 2562 520 2652 πρὸς
546 2563 607 2632 τὸν
634 2571 672 2632 Θ.
717 2564 817 2651 λέγω,
851 2565 903 2632 ὅτι
929 2569 997 2634 τῶν
1031 2576 1080 2653 A,
1102 2577 1134 2638 Β

114 2672 177 2739 δύο
210 2673 305 2758 μέσοι
337 2669 508 2757 ἀνάλογον
537 2672 756 2756 ἐμπίπτουσιν
783 2668 941 2759 ἀριθμοί,
969 2672 1026 2739 καὶ
1051 2673 1070 2741 δ
1097 2684 1134 2743 A

113 2774 196 2861 πρὸς
223 2776 283 2844 τὸν
311 2785 339 2844 Β
366 2782 585 2865 τριπλασίονα
612 2776 716 2862 λόγον
744 2783 810 2865 ἔχει
837 2773 922 2865 ἥπερ
946 2776 964 2846 6
989 2783 1022 2846 Γ
1039 2779 1132 2867 πρὸς

112 2878 173 2947 τὸν
196 2887 224 2946 Ζ
247 2883 301 2947 ιιαὶ
325 2881 342 2947 ὁ
369 2889 402 2946 A
423 2879 507 2968 πρὸς
529 2879 589 2947 τὸν
612 2888 652 2947 Η
669 2882 725 2949 καὶ
748 2889 796 2950 ἔτι
820 2884 837 2952 6
859 2892 891 2951 E
906 2881 990 2972 πρὸς
1007 2882 1070 2952 τὸν
1090 2893 1130 2953 Θ.

60 3008 95 3056 25
175 2983 210 3052 Ὁ
238 2992 270 3054 Γ
293 2985 357 3076 γὰρ
380 2986 441 3055 τὸν
465 2995 498 3053 A
520 2988 813 3070 πολλαπλασιάσας
835 2989 895 3058 τὸν
919 2997 954 3058 K
978 2995 1131 3078 ποιείτω,

114 3089 131 3159 6
163 3092 200 3159 δὲ
229 3100 256 3158 Ζ
283 3092 342 3160 τὸν
368 3099 405 3160 Η
426 3094 718 3175 πολλαπλασιάσας
740 3094 801 3162 τὸν
826 3103 857 3163 A
880 3100 1023 3164 ποιείτω.
1069 3098 1131 3165 καὶ

185 3312 209 3359 4.
228 3303 291 3376 τόν]
310 3302 362 3374 τήν
380 3307 411 3362 Ρ.
484 3313 508 3362 6.
528 3302 590 3377 τόν]
615 3306 687 3391 (alt.)
707 3323 777 3361 corr.
797 3323 832 3361 ex
850 3304 882 3362 τό
901 3325 937 3361 m.
958 3312 974 3360 2
993 3305 1022 3360 P.
1099 3313 1129 3363 8.

114 3369 171 3440 ἄρα
195 3377 362 3431 διπλασίονα
386 3372 470 3446 λόγον
496 3375 554 3446 ἔχει
576 3396 647 3445 προς
671 3374 722 3431 τὸν
742 3382 763 3431 Β
781 3377 843 3444 Vm.
917 3372 932 3430 6
953 3376 993 3447 Γ]
1013 3370 1030 3430 δ’
1049 3396 1080 3431 τε
1103 3383 1134 3433 Γ

112 3442 234 3512 PBV093
248 3463 317 3500 corr.
333 3447 376 3503 ed.
391 3447 476 3503 Basil.
532 3453 573 3502 11.
593 3446 684 3520 μέσοι]
700 3441 794 3518 ὅμοιοι
808 3447 833 3501 V
849 3449 928 3515 (corr.
944 3465 980 3500 m.
996 3449 1074 3516 τοο),
1094 3468 1129 3517 φ.

115 3519 157 3568 16,
181 3514 223 3586 οἵ]
248 3512 367 3585 ἀριθμοί
389 3514 419 3571 οἱ
440 3538 474 3585 φ,
494 3517 560 3574 Vm.
580 3524 605 3573 2.
698 3525 740 3576 17.
759 3516 824 3589 μέν]
849 3534 903 3575 om.
921 3516 958 3584 B,
982 3533 1069 3586 supra
1087 3536 1130 3576 m.

28 3664 106 3696 h.
