2446 3938
359 215 635 268 nnnsnenroaon
652 217 761 267 nmen
778 218 854 270 vni.
1047 216 1111 280 337

561 410 662 477 XXV.

167 533 202 599 Si
230 535 293 600 duo
328 535 455 600 numeri
483 535 570 599 inter
597 557 632 598 se
659 537 819 600 rationem
846 535 983 620 habent,
1016 558 1114 622 quam

102 641 203 706 cubus
226 661 379 705 numerus
403 641 444 704 ad
468 641 586 706 cubum
609 663 788 726 numerum,
812 645 844 706 et
867 642 989 726 primus
1013 645 1114 708 eubns

100 750 164 831 est,
187 747 286 810 etiam
310 746 468 811 secundus
491 747 591 811 cubus
617 748 686 811 erit,

166 852 239 917 Duo
263 853 349 916 enim
372 853 498 916 numeri
520 858 557 934 A,
576 857 604 916 Β
622 853 707 916 inter
726 875 760 918 se
784 855 944 918 rationem
962 855 1115 940 habeant,

103 981 200 1044 quam
233 959 334 1023 cubus
361 980 514 1022 numerus
544 961 576 1022 Γ
600 958 640 1021 ad
668 960 785 1025 cubum
813 981 982 1024 numerum
1011 970 1057 1046 A,
1084 966 1118 1026 et

101 1066 201 1131 cubus
230 1066 273 1129 sit
296 1069 337 1129 A.
383 1064 468 1148 dieo,
492 1064 591 1128 etiam
614 1069 643 1128 Β
667 1065 785 1130 eubum
809 1087 888 1130 esse.

167 1195 245 1236 nam
270 1172 424 1255 qnoniam
446 1174 483 1254 Γ,
502 1175 536 1234 A
559 1171 633 1235 aubi
657 1174 744 1253 sunt,
764 1175 801 1255 Γ,
821 1178 855 1235 A
879 1173 1000 1238 similes
1020 1175 1116 1239 solidi

104 1281 188 1344 sunt.
240 1278 351 1360 itaque
383 1278 469 1340 inter
501 1279 541 1359 Γ,
562 1281 595 1340 A
627 1277 689 1341 duo
724 1278 823 1341 medii
855 1281 1115 1362 proportionales

82 1385 354 1468 interponuntur
386 1383 512 1447 numeri
544 1385 645 1467 [prop.
668 1382 770 1465 XIX}
826 1385 893 1449 iam
921 1389 1001 1470 quot
1033 1387 1118 1451 inter

102 1493 142 1575 Γ,
163 1495 196 1554 A
218 1489 393 1554 seeundum
420 1485 665 1572 proportionem
689 1491 878 1554 continuam
906 1492 1116 1576 interponun-

312 1666 480 1715 Ar-——r
510 1702 521 1731 ,

106 2149 160 2210 tur
191 2147 332 2229 numeri,
368 2145 505 2210 totidem
538 2145 636 2208 etiam
668 2145 753 2208 inter
785 2165 854 2226 eos,
892 2144 948 2227 qui
985 2144 1118 2207 eandem

107 2253 268 2318 rationem
296 2252 432 2335 habent,
462 2253 713 2335 interponuntur
741 2253 847 2335 [prop.
870 2247 975 2330 VHI].
1021 2272 1119 2334 quare

109 2360 208 2422 etiam
240 2359 326 2422 inter
348 2362 439 2440 A,B
468 2359 531 2422 duo
559 2359 656 2422 medii
688 2357 949 2442 proportionales
977 2357 1121 2440 interpo-

111 2466 231 2526 nuntur
261 2465 396 2528 numeri.
446 2465 696 2547 interponantur
725 2468 768 2546 E,
792 2468 829 2527 Ζ.
874 2463 940 2526 iam
968 2463 1122 2546 quoniam

107 2572 261 2654 quattuor
292 2571 418 2635 numeri
441 2577 485 2655 A,
506 2575 548 2654 Ε,
567 2576 608 2654 Ζ,
627 2575 656 2634 Β
680 2570 829 2652 deinceps
857 2569 1119 2652 proportionales

109 2680 195 2760 sunt,
215 2679 248 2738 et
263 2677 364 2740 cubus
383 2679 433 2739 est
452 2682 491 2758 A,
511 2677 609 2739 etiam
628 2680 656 2738 B
671 2676 772 2740 oubus
787 2677 836 2738 est
858 2677 962 2758 [prop.
975 2674 1120 2759 XXIII];

110 2781 196 2864 quod
219 2786 289 2847 erat
312 2774 624 2868 demonstrandum.v

557 2973 676 3041 XXVI.

177 3097 306 3164 Similes
335 3098 460 3163 numeri
487 3099 576 3182 plani
604 3098 689 3162 inter
717 3119 751 3162 se
779 3120 851 3163 eam
878 3099 1038 3162 rationem
1066 3097 1121 3162 ha-

110 3206 197 3284 bent,
211 3227 308 3289 quam
324 3204 499 3289 quadratus
514 3225 665 3268 numerus
681 3204 721 3268 ad
736 3205 929 3289 quadratum
943 3224 1121 3268 numerum.

177 3310 249 3376 Sint
278 3311 400 3376 similes
428 3311 555 3376 numeri
585 3310 675 3393 plani
702 3316 742 3392 A,
768 3315 803 3376 Β.
853 3311 938 3395 dieo,
965 3315 998 3374 A
1025 3310 1066 3374 ad
1093 3314 1123 3374 Β

111 3441 183 3483 eam
213 3419 373 3483 rationem
401 3416 535 3500 habere,
564 3438 661 3500 quam
684 3416 861 3500 quadratus
884 3437 1036 3483 numerus
1067 3417 1124 3480 ha-

111 3525 189 3591 beat
211 3525 251 3590 ad
275 3526 468 3610 quadratum
491 3545 671 3588 numerum.

163 3638 314 3692 Euclides,
331 3639 381 3680 edd.
394 3640 497 3688 Heibere
511 3641 533 3678 et
548 3637 637 3686 Menae.
659 3630 697 3676 Ἡ.
930 3633 963 3682 22
