2446 3938
105 142 125 206 5
482 139 684 192 Συουσιιαυ
703 133 738 192 ι’.

172 282 224 350 ιε’.
249 285 459 368 Διαίρεσις
487 279 611 369 λόγου
639 281 707 349 ἐστὶ
734 283 835 366 λῆψις
861 280 919 366 τῆς
941 275 1117 367 ὑπεροχῆς,

102 381 125 478 ᾗ
153 386 304 476 ὑπερέχει
331 386 369 455 τὸ
398 383 590 475 ῆγοὺμενον
616 391 679 456 τοῦ
709 387 890 473 ἑπομένου,
923 383 1007 471 πρὸς
1035 381 1116 451 αὐτὸ

104 493 142 562 τὸ
168 493 342 581 ἑπόμενον.

171 599 227 671 ις’.
248 597 496 688 Ἀναστροφὴ
516 598 621 686 λόγου
639 599 709 667 ἐστὶ
727 601 827 685 λῆψις
845 602 906 666 τοῦ
926 594 1117 685 ἡγουμένου

70 705 190 793 οπρὸς
216 705 277 792 τῆν
309 704 495 795 ὑπεροχήν,
527 696 550 794 ῆ
583 703 735 792 ὑπερέχει
766 702 804 772 τὸ
838 701 1029 791 ῆγοὺμενον
1056 707 1119 773 τοῦ

105 813 280 899 ἑπομένου.

171 918 223 1000 ιζ’.
248 916 312 986 Δι’
333 928 423 987 ίσου
442 916 541 1005 λόγος
560 918 627 985 ἐστὶ
648 915 813 985 πλειόνων
833 915 944 985 ὄντων
962 923 1117 1005 μεγεθῶν

102 1026 158 1095 καὶ
190 1023 302 1094 ἄλλων
336 1023 451 1105 αὐτοῖς
484 1031 567 1092 ίσονν
598 1021 636 1092 τὸ
664 1027 796 1111 πλῆθος
824 1022 953 1092 σύνδυο
990 1031 1116 1112 λαμβα-

103 1132 256 1219 νομένων
283 1132 340 1199 καὶ
368 1132 405 1199 έν
433 1133 478 1223 τῶ
510 1126 600 1222 αὑτῶ
628 1129 735 1222 λόγῳ,
763 1128 845 1198 ὅταν
871 1121 893 1219 ῆ
918 1127 963 1211 ῶς
987 1133 1023 1199 έν
1046 1145 1117 1212 τοῖς

67 1250 84 1298 0
102 1236 246 1325 πρώτοις
269 1237 425 1324 μεγέθεσι
447 1234 485 1303 τὸ
510 1238 644 1322 πρῶτον
666 1233 750 1323 πρὸς
772 1233 810 1305 τὸ
836 1240 991 1323 ἔσχατον,
1010 1235 1117 1316 οὕτως

102 1343 139 1410 έν
162 1355 232 1422 τοῖς
252 1344 423 1430 δευτέροις
443 1341 600 1429 μεγέθεσι
623 1339 660 1408 τὸ
684 1344 817 1428 πρῶτον
840 1335 924 1429 πρὸς
951 1340 988 1410 τὸ
1018 1347 1113 1430 ἔσχα-

102 1469 176 1515 τον·
199 1443 220 1533 ῆ
241 1446 363 1528 ἄλλως·
408 1452 519 1536 Λῆψις
541 1451 610 1515 τῶν
640 1445 754 1535 ῶνρεον
788 1447 868 1516 καθ’
900 1445 1112 1534 ὑπεξαίρεσιν

103 1557 171 1621 τῶν
195 1554 315 1640 μέσων.
685 1553 693 1560 ’

169 1660 226 1746 ιη’.
254 1660 533 1748 Τεταραγμένη
576 1660 620 1728 δὲ
660 1658 856 1746 ἀναλογία
892 1664 996 1746 ἐστίν,
1034 1659 1116 1728 ὅταν

68 1770 206 1853 στριῶυ
241 1765 350 1836 ὄντων
380 1769 535 1852 μεγεθῶν
567 1765 623 1834 καὶ
659 1764 771 1836 ἄλλων
808 1764 923 1846 αὐτοῖς
955 1774 1040 1834 ίσων
1076 1765 1114 1834 τὸ

103 1875 235 1958 πλῆθος
261 1877 394 1959 γίνηται
422 1870 467 1953 ῶς
498 1872 559 1960 μὲν
593 1874 629 1941 έν
662 1887 733 1952 τοῖς
764 1871 908 1959 πρῶτοις
936 1873 1116 1959 μεγέθεσιν

102 1975 293 2064 ῆγούμενον
321 1977 406 2067 πρὸς
433 1977 614 2066 ἑπόμενον,
646 1978 752 2061 οὑτως
783 1982 819 2048 έν
849 1991 919 2058 τοῖς
947 1980 1117 2066 δευτέροις

103 2085 281 2170 μεγέθεσιν
308 2082 499 2172 ῆγοὺμενον
526 2084 609 2176 πρὸς
634 2083 814 2171 ἑπόμενον,
846 2082 891 2164 ῶς
919 2083 956 2152 δὲ
980 2087 1016 2152 έν
1044 2096 1116 2163 τοῖς

102 2189 247 2275 πρώτοις
270 2192 448 2278 μεγέθεσιν
471 2192 636 2278 ἑπόμενον
659 2188 742 2278 πρὸς
764 2188 847 2258 ἄλλο
870 2216 919 2275 τι,
947 2188 1054 2270 οὑτως
1078 2191 1114 2257 έν

66 2311 87 2360 :0
105 2309 175 2378 τοῖς
198 2299 366 2386 δευτέροις
389 2295 471 2364 ἄλλο
490 2322 521 2363 τι
544 2294 628 2383 πρὸς
649 2293 850 2383 ῆγούμενον.

611 2471 619 2494 ι
655 2432 693 2509 λλ

585 2499 629 2540 α.
681 2512 691 2561 ἰ
1091 2562 1094 2567 Ι

166 2577 254 2646 Ἐὰν
290 2568 312 2666 ᾖ
351 2575 554 2646 ὁποσαοῦν
591 2566 741 2665 μεγέθη
776 2577 1015 2648 ὁποσωνοῦν
1052 2606 1116 2665 με-

101 2687 234 2770 γεθῶν
257 2691 354 2751 ίσων
377 2683 415 2752 τὸ
435 2688 589 2772 πλῆθος
607 2686 774 2754 ἕκαστον
793 2684 961 2754 ἑκάστου
981 2685 1113 2766 ίσοίκις

102 2789 415 2877 πολλαπλάσιον,
448 2788 695 2860 ὁσαπλάσιόν
728 2795 837 2860 ἐστιν
871 2795 912 2859 ἓν
943 2796 1020 2861 τῶν
1052 2821 1116 2880 με-

70 2900 240 2982 ργεθῶν
258 2896 363 2982 ἑνός,
382 2897 704 3020 τρραυταπλάσια
723 2902 832 2966 ἔσται
850 2900 915 2966 καί
929 2898 974 2967 τὰ
989 2899 1116 2968 πάντα

103 3007 181 3071 τῶν
204 3002 370 3070 πάντων.
434 2974 463 3125 s

176 3168 217 3218 15.
237 3163 311 3217 Hero
331 3163 384 3218 def.
406 3168 465 3229 127,
484 3169 510 3219 4.
584 3169 625 3218 16.
640 3164 715 3219 Hero
734 3163 906 3232 def.12⁷‚5.
981 3172 1021 3220 17.
1040 3165 1115 3221 Doro

103 3232 157 3288 def.
179 3240 243 3300 127,
264 3241 288 3290 7.
363 3241 405 3290 18.
424 3234 497 3288 Hero
516 3233 571 3288 def.
592 3239 656 3303 127,
676 3241 710 3290 77

177 3399 200 3446 1.
220 3391 252 3447 δὲ
272 3388 460 3462 λόγουΕὛῙ).
528 3388 652 3448 έστίνΒ.
725 3400 750 3448 4.
771 3391 846 3450 ἐστίν
866 3395 923 3450 BF.
997 3401 1021 3450 7.
1041 3389 1117 3451 ἐστίν

104 3463 164 3518 PF.
240 3469 280 3518 10.
300 3462 452 3534 μεγέθεσιν
471 3463 528 3519 ΡΒ,
605 3470 646 3521 11.
666 3465 817 3535 μεγέθεσιν
836 3465 894 3522 ΡΒ.
929 3467 999 3522 Post
1012 3466 1066 3522 def.
1083 3473 1116 3521 17

69 3580 161 3657 χιιι.-
693 3604 697 3619 »
793 3600 817 3615 -·
894 3596 1047 3689 γ

114 3672 455 3791 mamb&
479 3650 855 3764 ιΜίανΗ-Θί(
