2446 3938
150 186 218 251 430
566 187 755 239 APPENDIX.

150 332 219 397 τῶν
242 325 357 415 ἄκρων
380 318 492 417 ίσοςῇ
516 330 562 420 τῷ
585 325 737 394 ἀπὸτοῦ
760 326 879 413 μέσου,
904 329 940 394 οί
960 340 1051 414 τρεῖς
1074 324 1169 414 ἀριθ-

151 434 209 521 μοὶ
232 430 406 520 ἀνάλογόν
429 438 525 502 εἰσιν.
562 438 712 502 ἔστωσαν
730 446 819 521 τρεῖς
837 430 979 521 ἄρνθμοί
998 431 1169 520 ἀνάλογον

107 626 112 635 Ι
152 543 187 608 οί
212 550 259 627 A,
279 548 323 628 Β,
342 547 384 626 Γ,
413 538 459 620 ὡς
486 538 504 609 ὁ
533 549 566 608 A
591 539 674 629 πρὸς
701 539 762 608 τὸν
785 548 830 625 Β,
858 539 967 620 οὕτως
990 539 1008 609 6
1032 549 1062 608 Β
1086 541 1168 627 πρὸς

149 649 212 716 τὸν
235 654 272 717 Γ.
317 649 420 735 λέγω,
449 645 501 715 ὅτι
525 644 543 715 6
567 649 603 714 ἐκ
626 650 695 714 τῶν
718 655 767 732 A,
786 653 819 716 Γ
842 655 915 727 ίσος
939 647 1009 714 ἐστὶ
1030 651 1078 738 τῷ
1106 646 1169 716 ἀπὸ

115 759 212 823 5τοῦ
236 763 274 824 Β.
319 762 447 824 κείσθω
470 752 534 841 γὰρ
557 757 603 845 τῷ
627 760 656 820 Β
679 761 753 833 ίσος
776 751 794 822 6
820 761 862 821 A.
909 757 1001 821 ἔστιν
1029 751 1097 840 ἄρα
1127 751 1171 834 ὡς

151 859 169 930 6
194 870 227 930 A
248 862 332 950 πρὸς
353 861 415 930 τὸν
438 868 478 946 Β,
502 860 609 939 οὕτως
632 859 651 928 6
675 867 710 927 A
732 857 816 947 πρὸς
838 858 899 926 τὸν
922 864 959 926 Γ.
1006 856 1024 927 6
1050 857 1117 947 ἄρα
1136 862 1170 928 ἐκ

149 971 219 1036 τῶν
246 977 293 1052 A,
314 973 345 1035 Γ
368 975 441 1046 ἴσος
465 967 533 1034 ἐστὶ
555 969 602 1056 τῷ
627 967 662 1034 ἐκ
684 969 753 1034 των
776 972 821 1052 Β,
842 972 882 1032 A.
929 961 948 1032 6
972 963 1010 1033 δὲ
1040 967 1077 1033 ἐκ
1104 969 1170 1034 τῶν

150 1079 195 1156 Β,
216 1080 249 1139 A
271 1080 344 1151 ίσος
366 1074 436 1140 ἐστὶ
458 1074 504 1164 τῷ
527 1068 592 1139 ἀπὸ
616 1073 678 1138 τοῦ
700 1078 742 1138 Β·
772 1079 845 1151 ίσος
871 1068 937 1158 γὰρ
965 1070 984 1138 6
1009 1078 1039 1138 B
1063 1075 1109 1164 τῷ
1130 1079 1170 1138 Δ.

151 1179 169 1247 6
194 1177 259 1267 ἄρα
282 1182 318 1247 ἐκ
339 1183 409 1247 τῶν
433 1187 479 1264 A,
499 1183 532 1245 Γ
549 1186 622 1258 ίσος
643 1182 689 1270 τῷ
713 1175 778 1247 ἀπὸ
801 1182 864 1246 τοῦ
887 1184 924 1246 Β.

98 1296 131 1346 10
214 1283 312 1353 Ἀλλὰ
340 1287 383 1372 δὴ
412 1285 430 1353 6
460 1287 496 1352 ἐκ
523 1287 591 1353 τῶν
618 1292 665 1368 A,
683 1290 716 1352 Γ
740 1293 813 1364 ίσος
840 1288 923 1352 ἔστω
946 1284 993 1375 τῷ
1016 1279 1084 1352 ἀπὸ
1109 1295 1169 1352 τοῦ

150 1397 187 1458 Β.
233 1392 334 1476 λέγω,
362 1391 415 1458 ὅτι
442 1389 533 1457 ἐστὶν
561 1387 606 1469 ὡς
634 1391 652 1459 6
681 1400 714 1458 A
740 1389 824 1479 πρὸς
851 1390 913 1459 τὸν
940 1397 985 1475 Β,
1015 1386 1125 1470 οὕτως
1152 1387 1169 1458 6

149 1503 178 1563 Β
206 1494 290 1583 πρὸς
315 1497 375 1563 τὸν
402 1501 439 1563 Γ.
485 1497 555 1563 ἐπεὶ
581 1494 647 1583 γὰρ
677 1493 695 1564 6
725 1499 761 1564 ἐκ
786 1500 855 1564 τῶν
878 1505 926 1582 A,
945 1501 978 1564 Γ
996 1504 1070 1576 ίσος
1101 1496 1168 1565 ἐστὶ

149 1605 195 1693 τῷ
219 1600 289 1669 ἀπὸ·
309 1606 371 1669 τοῦ
394 1609 439 1687 Β,
463 1598 481 1670 6
507 1601 545 1669 δὲ
568 1599 633 1670 ἀπὸ
661 1606 723 1670 τοῦ
752 1609 780 1669 Β
810 1611 883 1683 ίσος
906 1606 952 1692 τῷ
981 1601 1047 1672 ὑπὸ
1074 1607 1168 1688 [τῶν]

149 1715 193 1793 Β,
216 1715 266 1793 A,
294 1713 384 1776 ἔστιν
412 1706 479 1797 ἄρα
508 1708 553 1788 ὥς
581 1709 599 1778 6
629 1718 662 1777 A
688 1706 773 1797 πρὸς
799 1706 860 1777 τὸν
884 1716 928 1795 Β,
957 1710 1066 1788 οὕτως
1095 1710 1113 1779 6
1138 1716 1170 1776 A

97 1833 130 1884 15
148 1814 234 1903 πρὸς
261 1814 322 1883 τὸν
349 1822 386 1883 Γ.
432 1824 505 1895 ίσος
532 1815 569 1883 66
597 1813 616 1884 6
644 1823 673 1884 B
700 1818 746 1907 τῷ
776 1823 818 1882 A.
864 1819 954 1883 ἔστιν
982 1813 1049 1902 ἄρα
1078 1816 1124 1895 ὥς
1152 1812 1169 1883 6

149 1930 182 1988 A
209 1920 294 2009 πρὸς
320 1920 382 1989 τὸν
410 1929 455 2008 Β,
484 1919 590 2002 οὕτως
617 1918 635 1990 6
664 1929 692 1989 Β
721 1920 805 2008 πρὸς
832 1918 893 1989 τὸν
920 1928 961 1989 Γ·
990 1922 1072 2008 ὅπερ
1102 1926 1170 1990 ἔδει

150 2029 265 2110 δεῖξαι.

515 2146 625 2238 Uulgo
648 2153 726 2233 VH,
750 2155 803 2219 22.

214 2273 294 2344 Ἐὰν
324 2268 387 2345 ὦσι
414 2289 503 2365 τρεῖς
525 2273 667 2363 ἀριθμοὶ
689 2275 745 2342 καί
774 2273 872 2344 ἄλλοι
895 2274 1010 2355 αὐτοῖς
1033 2283 1103 2344 ίσοι
1130 2275 1168 2344 τὸ

37 2398 50 2421 ·
95 2399 131 2450 20
149 2385 281 2468 πλῆθος
308 2383 438 2451 σύνδυο
466 2380 717 2469 λαμβανόμενοι
743 2383 799 2450 καὶ
823 2385 861 2452 ἐν
883 2387 929 2476 τῷ
954 2379 1043 2472 αὐτῷ
1067 2381 1170 2472 λόγῳ,

149 2479 171 2575 ᾗ
195 2487 233 2556 66
255 2490 480 2578 τεταραγμένη
505 2485 618 2557 αὐτῶν
641 2489 662 2578 ἡ
686 2485 868 2578 ἀναλογία,
884 2490 940 2558 καὶ
964 2483 1009 2557 δι’
1033 2497 1111 2556 ίσον
1130 2491 1168 2556 ἐν

148 2599 194 2688 τῷ
218 2592 309 2689 αὐτῷ
333 2595 423 2689 λόγῳ
448 2601 590 2664 ἔσονται.

206 2699 382 2770 Ἔστωσαν
413 2715 502 2790 τρεῖς
534 2699 676 2790 ἀριθμοὶ
710 2706 745 2771 οί
774 2712 821 2788 A,
848 2712 894 2789 B,
923 2708 956 2770 Γ
982 2701 1037 2770 καὶ
1070 2699 1170 2770 ἄλλοι

149 2804 264 2888 αὐτοῖς
286 2816 355 2876 ίσοτ
379 2807 417 2877 τὸ
442 2817 573 2896 πλῆθος
596 2812 631 2876 οί
653 2817 702 2894 A,
719 2814 764 2895 Β,
784 2817 811 2876 Ζ
841 2807 971 2876 σύνδυο
995 2808 1166 2895 λαμβανό-

94 2932 129 2983 25
148 2939 244 2999 μενοι
269 2917 305 2982 ἕν
328 2918 375 3006 τῷ
399 2911 490 3007 αὐτῷ
514 2914 615 3007 λόγῳ,
639 2919 722 2983 ἔστω
747 2915 785 2983 66
801 2915 1028 3002 τεταραγμένη
1054 2911 1169 2984 αὐτῶν

148 3017 169 3106 ἡ
202 3021 383 3107 ἀναλογία,
416 3018 460 3101 ὡς
488 3020 550 3108 μὲν
579 3019 597 3089 6
626 3031 658 3090 A
685 3021 770 3109 πρὸς
796 3020 858 3090 τὸν
880 3029 925 3107 Β,
956 3019 1062 3099 οὕτως
1091 3021 1109 3088 6
1138 3029 1173 3089 E

148 3126 232 3216 πρὸς
253 3125 315 3196 τὸν
340 3135 380 3214 Ζ,
402 3124 447 3207 ὡς
471 3127 508 3196 δὲ
532 3127 550 3196 6
575 3135 603 3195 Β
627 3127 711 3216 πρὸς
728 3127 790 3196 τὸν
809 3134 847 3214 Γ,
866 3125 974 3206 οὕτως
994 3124 1011 3194 6
1032 3135 1065 3194 A
1084 3126 1170 3215 πρὸς

148 3232 209 3301 τὸν
236 3241 275 3304 E.
320 3234 423 3321 λέγω,
452 3234 504 3302 ὅτι
532 3234 588 3301 καὶ
617 3230 662 3302 δι’
693 3243 770 3302 ίσον
798 3234 888 3301 ἐστὶν
916 3231 961 3313 ὡς
985 3233 1003 3302 6
1028 3242 1060 3300 A
1083 3232 1171 3321 πρὸς

147 3334 208 3404 τὸν
233 3345 275 3425 Γ,
300 3337 406 3420 οὕτως
430 3336 448 3407 6
471 3347 505 3406 A
528 3335 611 3429 πρὸς
633 3337 695 3408 τὸν
718 3347 754 3407 Z.

147 3465 361 3476 ——..

65 3518 119 3696 ἱ
218 3514 294 3589 ι2.·οί
310 3522 384 3584 τρεῖς
404 3516 465 3572 FV.
503 3506 639 3587 ἀνάλογοι
657 3537 683 3588 p.
766 3511 1000 3588 3.06]6BFV.
1089 3511 1170 3590 6B]
