2446 3938
140 193 184 258 54
522 193 726 247 ΣΤΟΙΧΕΙΩΝ
744 189 779 248 ε’.

204 333 283 402 Ἐὰν
307 333 372 423 ἅμα
396 339 582 425 διῃρημένα
605 337 731 424 μεγέθη
755 332 926 420 ἀνάλογον
945 326 977 424 ᾖ,
1000 335 1056 403 καὶ
1076 356 1160 406 σνν-

139 442 280 509 τεθέντα
302 441 474 529 οἷνοίλογον
497 448 602 512 ἔσται·
639 441 720 532 ὅπερ
744 446 812 510 ἔδει
835 442 950 522 δείξαι.

616 621 677 690 ιθ’.

203 738 290 810 Ἐὰν
313 736 335 832 ᾖ
359 740 404 825 ὡς
422 743 518 813 ὅλον
537 744 634 833 πρὸς
653 743 762 829 ὅλον,
787 741 911 824 οὕτως
930 741 1157 832 ἀφαιρεθὲν

105 846 237 937 δαρὸς
268 847 507 940 ἀφαιρεθέν,
539 851 604 919 καὶ
633 848 676 918 τὸ
707 848 849 918 λοιπὸν
877 847 974 938 πρὸς
1002 850 1044 918 τὸ
1073 857 1158 920 λοι-

139 953 213 1024 πὸν
237 960 347 1024 ἔσται
370 953 419 1036 ὡς
442 954 537 1025 ὅλον
560 955 658 1044 πρὸς
681 927 849 1082 320va

197 1060 306 1131 Ἔστω
329 1060 393 1149 γὰρ
418 1059 463 1141 ὡς
487 1060 568 1130 ὅλον
591 1060 628 1130 τὸ
648 1069 713 1130 AB
736 1060 820 1151 πρὸς
843 1060 924 1130 ὅλον
947 1061 986 1131 τὸ
1003 1069 1076 1151 ΓΔ,
1101 1061 1158 1132 οὕ-

140 1193 204 1248 τως
227 1165 415 1256 ἀφαιρεθὲν
438 1167 476 1236 τὸ
492 1177 524 1236 Α
531 1176 562 1236 Ε
582 1166 665 1257 πρὸς
688 1165 877 1257 ἀφαιρεθὲν
899 1167 937 1238 τὸ
953 1174 1026 1237 ΓΖ·
1058 1171 1157 1258 λέγω,

140 1272 191 1343 ὅτι
213 1274 269 1341 καὶ
292 1273 412 1342 λοιπὸν
435 1272 473 1342 τὸ
497 1280 560 1342 ΕΒ
583 1272 666 1363 πρὸς
689 1274 808 1344 λοιπὸν
831 1274 868 1344 τὸ
894 1283 962 1342 ΖΔ
989 1280 1080 1343 ἔσται
1110 1275 1157 1359 ὡς

89 1393 122 1442 10
141 1377 223 1448 ὅλον
246 1377 283 1447 τὸ
308 1387 373 1447 AB
396 1379 480 1469 πρὸς
503 1379 587 1448 ὅλον
608 1381 646 1449 τὸ
670 1387 741 1450 ΓΔ.

203 1485 292 1554 Ἐπεὶ
314 1484 379 1574 γάρ
403 1487 493 1555 ἐστιν
518 1484 563 1566 ὡς
584 1485 623 1556 τὸ
642 1494 708 1555 ΑΒ
731 1485 816 1576 πρὸς
837 1485 876 1556 τὸ
895 1493 968 1576 ΓΔ,
992 1485 1098 1570 οὕτως
1116 1489 1156 1560 τὸ

138 1599 207 1659 ΑΕ
237 1589 320 1680 πρὸς
351 1591 388 1661 τὸ
412 1599 488 1679 ΓΖ,
520 1594 577 1661 καὶ
605 1591 746 1675 ἐναλλὰξ
774 1590 820 1673 ὡς
848 1591 886 1660 τὸ
911 1601 978 1662 BA
1004 1593 1089 1684 πρὸς
1116 1596 1156 1666 νδ

139 1706 216 1784 ΑΒ,
240 1695 347 1778 οὕτως
368 1696 405 1767 τὸ
426 1704 498 1766 ΔΓ
515 1698 598 1786 πρὸς
619 1697 657 1768 τὸ
671 1705 740 1768 ΓΖ.
783 1700 839 1767 καί
863 1699 933 1768 ἐπεὶ
956 1707 1158 1790 συγκείμενα

46 1796 49 1801 ’
138 1804 264 1891 μεγέθη
302 1802 474 1891 ἀνάλογόν
507 1807 613 1892 ἐστιν,
648 1806 705 1872 καὶ
737 1805 953 1894 διαιρεθέντα
985 1804 1158 1896 ἀνάλογον

86 1923 119 1972 15
139 1915 245 1996 ἔσται,
274 1908 320 1991 ὡς
346 1909 384 1979 τὸ
408 1919 479 1980 ΒΕ
504 1910 588 2002 πρὸς
614 1910 653 1981 νδ
677 1920 758 1999 EA,
787 1910 895 1993 οὕτως
920 1913 959 1982 τὸ
984 1922 1051 1983 ΔΖ
1073 1913 1159 2004 πρὸς

138 2015 177 2084 τὸ
201 2021 276 2084 ΓΖ·
312 2016 368 2085 καί
392 2017 543 2106 ἐναλλάξ,
568 2015 613 2098 ὥς
635 2016 673 2087 τὸ
696 2025 763 2086 ΒΕ
783 2017 868 2108 πρὸς
889 2017 928 2088 τὸ
948 2026 1026 2106 ΔΖ,
1050 2018 1159 2103 οὕτως

138 2121 176 2191 τὸ
198 2131 265 2192 ΕΑ
287 2122 371 2213 πρὸς
392 2124 430 2193 τὸ
456 2131 525 2194 ΖΓ.
562 2122 607 2204 ὡς
630 2123 668 2191 δὲ
690 2121 727 2190 τὸ
754 2131 824 2192 ΑΕ
844 2124 927 2215 πρὸς
949 2124 987 2194 τὸ
1007 2132 1077 2216 ΓΖ,
1101 2126 1160 2196 οὸ-

138 2255 203 2309 τως
231 2227 404 2300 ὑπόκειται
433 2231 514 2300 ὅλον
541 2230 579 2299 τὸ
604 2237 669 2296 ΑΒ
696 2228 781 2317 πρὸς
809 2229 891 2301 ὅλον
917 2229 955 2301 τὸ
980 2238 1051 2301 ΓΛ.
1099 2234 1158 2301 καὶ

138 2334 259 2404 λοιπὸν
282 2335 348 2425 ἄρα
370 2336 408 2405 τὸ
423 2344 486 2404 ΕΒ
509 2334 594 2425 πρὸς
615 2334 737 2403 λοιπὸν
759 2334 796 2404 τὸ
813 2344 881 2405 ΖΔ
899 2343 990 2406 ἔσται
1010 2336 1055 2419 ὥς
1073 2336 1157 2408 ὅλον

86 2462 120 2513 20
138 2438 176 2509 τὸ
201 2449 266 2509 AB
290 2440 373 2531 πρὸς
397 2439 479 2510 ὅλον
500 2440 538 2509 τὸ
563 2447 650 2510 M·

204 2546 283 2616 Ἐὰν
306 2546 373 2636 ὅρα
394 2540 416 2637 ᾖ
441 2545 486 2629 ὡς
509 2546 591 2617 ὅλον
613 2546 697 2637 πρὸς
720 2545 812 2637 ὅλον,
837 2547 944 2632 οὕτως
967 2547 1157 2639 ἀφαιρεθὲν

139 2651 223 2741 πρὸς
246 2651 444 2742 ἀφαιρεθέν,
468 2651 583 2722 καὶτὸ
607 2654 728 2724 λοιπὸν
751 2653 835 2744 πρὸς
857 2655 895 2725 τὸ
920 2656 1040 2726 λοιπὸν
1064 2663 1158 2728 ἔσται

141 2755 186 2838 ὡς
209 2756 291 2827 ὅλον
313 2757 397 2848 πρὸς
420 2756 502 2828 ὅλον
526 2757 621 2850 [ὅπερ
645 2765 713 2831 ἔδει
737 2765 867 2848 δείξαι].

208 2865 290 2948 [Καὶ
313 2864 383 2934 ἐπεὶ
406 2867 541 2953 ἐδείχθη
566 2865 611 2948 ὥς
633 2866 671 2938 νδ
696 2876 761 2937 ἈΒ
784 2867 868 2958 πρὸς
889 2868 927 2939 -τδ
952 2875 1024 2958 ΓΛ,
1049 2868 1157 2953 οὕτως

86 2991 121 3043 25
137 2968 176 3040 νδ
196 2976 260 3039 ΕΒ
283 2969 366 3060 πρὸς
388 2969 427 3039 νδ
447 2978 529 3059 ΖΔ,
552 2973 607 3040 καί
630 2973 772 3057 ἐναλλὰξ
796 2974 841 3057 ὥς
863 2975 901 3045 τὸ
921 2983 988 3044 AB
1011 2975 1094 3066 πρὸς
1117 2976 1157 3046 νδ

138 3084 206 3145 ΒΕ
222 3074 328 3158 οὕτως
344 3075 383 3146 νδ
397 3083 461 3146 ΓΔ
474 3078 558 3168 πρὸς
570 3077 608 3148 τὸ
624 3087 702 3167 ΖΔ,
723 3087 924 3170 συγκείμενα
942 3081 1008 3171 ὅρα
1029 3084 1157 3172 μεγέθη

138 3180 311 3271 ἀνάλογόν
334 3184 438 3254 ἐστιν·
476 3188 611 3274 ἐδείχθη
637 3187 674 3256 δὲ
698 3185 742 3268 (ὅς
764 3187 802 3258 τὸ
826 3197 895 3258 ΒΑ
916 3188 1001 3279 πρὸς
1018 3190 1057 3259 τὸ
1078 3198 1158 3278 ΑΕ,

74 3296 94 3373 ᾗ,
139 3284 249 3370 οὕτως
270 3288 308 3359 τδ
333 3298 404 3360 ΔΓ
421 3291 506 3381 πρὸς
527 3292 566 3361 τὸ
585 3299 660 3362 ΓΖ·
701 3300 761 3363 καί
776 3297 867 3364 ἐστιν
886 3293 1159 3435 ἄνασνωὲέαντιλ

104 3418 107 3423 .
138 3404 353 3420 --—--—
901 3390 922 3431 C

105 3428 131 3475 τ’
213 3455 238 3507 1.
257 3440 293 3524 ᾖ]
314 3449 393 3508 ἔσται
453 3455 517 3523 (non
533 3451 574 3523 P).
647 3462 672 3510 2.
693 3453 783 3528 ἔσται]
800 3471 871 3512 eras.
886 3456 916 3510 F.
991 3462 1016 3514 8.
1035 3453 1155 3528 ἄφανρε·

216 3515 249 3577 αδ
268 3523 322 3577 ΑΕ
339 3472 433 3596 uode?
441 3540 498 3594 mg.
517 3542 554 3579 m.
574 3531 590 3580 2
610 3524 639 3582 F.
713 3532 738 3582 9.
758 3522 839 3598 πρός]
864 3524 934 3597 πρὸς
956 3524 988 3582 τό
1008 3549 1039 3597 φ.
1114 3534 1157 3586 10.

74 3382 445 3744 *vfflfflwd'
461 3651 571 3746 μα)
592 3616 904 3759 &mmet-c:
925 3608 1058 3696 ὅλα
1072 3596 1196 3746 452),
