2446 3938
533 188 733 242 ΣΤΟΙΧΕΙΩΝ
752 184 796 242 θ’.

629 384 697 453 κθ’.

220 523 308 595 Ἐὰν
340 527 531 613 περισσὸς
562 525 735 615 ἀριθμὸς
766 526 962 614 περισσὸν
996 527 1186 621 ἀριθμὸν

156 633 510 714 πολλαπλασιάσας
540 638 633 722 ποιῇ
666 660 773 720 τινα,
806 631 824 702 5
858 635 1089 723 γενόμενος
1122 665 1185 710 πε-

156 739 293 826 ρισσὸς
316 746 433 810 ἔσται.

122 860 138 908 5
229 847 393 934 Περισσὸς
412 845 476 936 μὰρ
500 845 645 934 ἀριθμὸς
669 846 688 916 5
712 857 744 916 A
767 847 928 936 περισσὸν
951 848 1015 918 τὸν
1042 861 1075 921 Β
1105 863 1182 924 πολ-

155 953 383 1034 λαπλασιάσας
405 953 466 1022 τὸν
489 960 522 1021 Γ
539 960 686 1022 ποιείτω·
712 955 814 1041 λέγω,
841 952 893 1023 ὅτι
916 952 935 1023 5
960 962 995 1023 Γ
1017 963 1183 1050 περισσός

157 1063 255 1130 ἐστιν.

220 1165 309 1236 Ἐπεὶ
332 1167 396 1255 μὰρ
421 1167 439 1237 5
464 1179 497 1237 A
519 1168 579 1238 τὸν
603 1177 631 1237 Β
654 1169 949 1250 πολλαπλασιάσας
972 1171 1038 1239 τὸν
1070 1181 1105 1242 Γ
1128 1201 1181 1245 πε-

155 1280 308 1361 ποίηκεν,
339 1273 358 1343 5
389 1281 421 1343 Γ
449 1274 515 1363 ἄρα
545 1275 715 1363 σύγκειται
747 1279 783 1346 ἐκ
809 1276 984 1346 τοσούτων
1013 1285 1108 1350 ἴσων
1135 1287 1181 1376 τῷ

104 1399 136 1448 10
157 1388 199 1465 Β,
224 1378 301 1448 ὅσαι
325 1381 411 1448 εἰσὶν
435 1383 473 1449 ἐν
494 1386 540 1474 τῷ
565 1391 597 1448 A
618 1381 772 1469 μονάδες.
817 1388 876 1450 καί
897 1385 989 1452 ἐστιν
1020 1387 1183 1478 ἑκάτερος

155 1490 222 1552 τῶν
246 1494 292 1570 Α,
311 1492 340 1551 Β
364 1488 531 1571 περισσός
561 1484 578 1556 ὁ
603 1495 635 1555 Γ
654 1487 721 1575 ἄρα
744 1487 912 1574 σύγκειται
936 1490 973 1557 ἐκ
1002 1501 1182 1582 περισσῶν

154 1589 328 1677 ἀριθμῶν,
357 1583 406 1659 ῶν
433 1591 471 1661 τὸ
499 1599 631 1681 πλῆθος
657 1593 818 1682 περισσόν
847 1596 945 1663 ἐστιν.
989 1595 1083 1668 ῶστε
1112 1600 1130 1670 5
1156 1610 1187 1670 Γ

155 1697 312 1784 περισσός
334 1700 438 1768 ἐστιν·
463 1697 544 1787 ὅπερ
568 1705 636 1769 ἔδει
660 1703 773 1782 δεῖξαι.

640 1915 682 1981 λ’.

104 2053 137 2103 15
222 2034 310 2105 Ἐὰν
332 2037 522 2127 περισσὸς
544 2036 716 2125 ἀριθμὸς
738 2037 880 2128 ἄρτιον
902 2037 1090 2130 ἀριθμὸν
1115 2021 1180 2134 μἐ-

154 2148 239 2233 τρῇ,
263 2143 418 2213 καὶτὸν
441 2143 588 2230 ἥμισυν
612 2140 735 2212 αὐτοῦ
758 2146 952 2232 μετρήσει.

221 2249 388 2340 Περισσὸς
418 2250 483 2338 γὰρ
516 2246 662 2339 ἀριθμὸς
694 2247 712 2318 5
746 2259 777 2318 A
809 2249 927 2340 ἄρτιον
958 2251 1020 2322 τὸν
1055 2263 1088 2324 Β
1122 2284 1179 2344 με-

154 2362 283 2446 τρείτω·
307 2358 408 2443 λέγω,
433 2353 485 2424 ὅτι
507 2357 563 2423 καὶ
586 2354 647 2424 τὸν
670 2353 795 2443 ἥμισυν
819 2356 925 2426 αὐτοῦ
948 2361 1123 2448 μετρήσει.

217 2461 306 2532 Ἐπεὶ
329 2461 393 2550 μὰρ
418 2459 436 2530 5
461 2471 492 2530 A
514 2462 622 2531 τὸνΒ
646 2477 772 2550 μετρεῖ,
800 2470 956 2551 μετρείτω
980 2463 1094 2536 αὐτὸν
1118 2496 1177 2538 κα-

100 2587 135 2636 20
153 2570 194 2639 τὰ
216 2568 276 2639 τὸν
299 2576 339 2638 Γ·
362 2570 464 2655 λέγω,
488 2566 539 2636 ὅτι
563 2566 581 2636 5
605 2574 639 2636 Γ
656 2567 718 2637 οὐκ
741 2574 811 2638 ἔστι
834 2569 998 2658 περισσός.
1046 2579 1082 2642 εἰ
1109 2578 1179 2666 γὰρ

154 2676 316 2762 δυνατόν,
349 2680 441 2744 ἔστω.
492 2676 549 2742 καὶ
578 2675 648 2743 ἐπεὶ
682 2671 699 2742 5
733 2685 765 2744 A
796 2674 856 2744 τὸν
884 2684 912 2744 Β
945 2692 1063 2766 μετρεῖ
1090 2682 1178 2751 κατὰ

152 2780 212 2851 τὸν
243 2788 285 2867 Γ,
318 2780 336 2851 5
365 2792 397 2850 A
424 2781 491 2870 ἄρα
517 2781 579 2850 τὸν
606 2787 639 2849 Γ
661 2782 955 2862 πολλαπλασιάσας
975 2781 1037 2852 τὸν
1064 2794 1096 2855 Β
1120 2813 1177 2858 ιτε-

152 2893 299 2973 ποίιμιεν.
345 2884 363 2955 5
392 2895 419 2954 Β
450 2881 517 2975 ἄρα
544 2887 715 2974 σύγκειται
738 2891 774 2956 ἐκ
800 2892 969 2977 περισσῶν
996 2886 1180 2983 ἀριθμῶν,

153 2987 202 3064 ῶν
225 2992 263 3063 τὸ
296 2998 428 3081 πλῆθος
459 2993 620 3082 περισσόν
653 2996 751 3063 ἐστιν.
798 2992 817 3064 5
850 3003 879 3063 Β
911 2994 977 3084 ἄρα
1009 3004 1182 3085 περισσός

99 3120 134 3169 25
153 3104 256 3170 ἐστιν·
289 3099 370 3189 ὅπερ
394 3099 534 3169 ἄτοπον·
557 3098 730 3170 ὑπόκειται
757 3100 822 3190 γὰρ
850 3099 972 3231 ἄρτιος.
1015 3101 1082 3173 οὐκ
1107 3106 1180 3197 ἄρα

224 3325 248 3372 3.
268 3315 398 3382 ποιεῖΡ,
417 3316 465 3370 sed
484 3332 553 3370 corr.
628 3321 670 3372 12.
690 3309 729 3370 ῶν
767 3333 821 3371 om.
840 3315 877 3383 B,
895 3335 948 3384 περ
950 3316 1036 3370 ισσῶν
1055 3316 1084 3372 V
1104 3337 1144 3376 m.
1160 3329 1179 3378 λ

153 3405 256 3444 εοοιητ
346 3384 395 3473 τό]
415 3404 451 3440 m.
471 3386 541 3442 2V.
630 3404 764 3456 περιστον
784 3356 911 3476 §suvia
932 3337 965 3442 5}
984 3391 1180 3461 συγκείμενος

154 3457 186 3514 ἐκ
200 3459 341 3526 περισσῶν
359 3452 491 3544 αριθμῶν
509 3459 650 3525 περισσῶν
665 3460 739 3528 (add.
754 3476 791 3514 m.
806 3461 834 3529 2)
852 3478 885 3514 το
903 3459 1013 3527 πλῆθος
1035 3463 1180 3530 περισσός

153 3526 280 3584 55qu
373 3534 414 3584 16
433 3523 519 3597 ἥμισυ
542 3530 597 3597 Fq.
691 3536 732 3585 17.
751 3526 930 3598 περισοός-
947 3537 992 3585 18:
1017 3531 1180 3610 μετρήσει]
