2446 3938
145 190 211 255 296
522 190 724 244 ΣΤΟΙΧΕΙΩΝ
741 186 782 258 η’.

145 331 204 419 δή,
233 330 285 400 ὅτι
315 329 333 400 6
362 331 425 420 μὲν
450 339 477 399 Ζ
500 332 621 401 ἑαυτὸν
643 332 937 411 πολλαπλασιάσας
962 328 1025 398 τὸν
1050 338 1082 400 Θ
1107 346 1167 400 ’τιε-

144 443 300 525 ποίηιιεν,
323 436 384 506 τὸν
408 437 445 506 δὲ
467 445 497 506 Θ
518 436 812 518 πολλαπλασιάσας
833 435 894 505 τὸν
912 444 958 505 Μ
969 444 1164 524 πεποίηκεν,

144 546 201 613 καὶ
222 543 240 614 6
259 552 299 613 Η
312 543 434 613 ἑαυτὸν
452 544 514 631 μὲν
532 543 827 624 πολλαπλασιάσας
843 542 904 613 τὸν
923 552 955 612 A
968 550 1162 631 πεποίηκεν,

145 650 206 719 τὸν
224 651 263 719 δὲ
285 659 317 719 Λ
339 649 632 729 πολλαπλασιάσας
653 648 715 718 τὸν
734 657 763 717 0
781 655 969 736 πεποίηκεν.
1014 651 1074 717 καὶ
1091 647 1165 717 ἐπεὶ

111 760 181 826 οολ
202 764 257 842 M,
275 763 325 843 N,
344 759 387 841 Ξ,
408 763 437 822 0
464 754 634 842 ἐλάχιστοί
659 759 724 823 εἰσι
750 759 820 823 τῶν
842 754 904 823 τὸν
927 753 1032 823 αὐτὸν
1056 753 1164 839 λόγον

145 861 292 950 ἐχόντων
321 876 392 943 τοῖς
415 870 458 948 Ζ,
476 868 527 947 Η,
550 861 616 929 εἰσὶ
640 861 678 929 δὲ
700 862 756 928 καὶ
780 866 815 930 ολ
835 870 883 948 A,
903 868 945 946 Γ,
964 870 1013 948 A,
1031 868 1063 928 Β
1087 860 1164 929 ἐλά·

144 989 252 1056 χιστοι
274 973 343 1037 τῶν
366 967 427 1037 τὸν
451 966 556 1037 αὐτὸν
579 967 683 1054 λόγον
707 968 854 1056 ἑχόντων
876 981 947 1048 τοῖς
971 976 1014 1054 Ζ,
1034 974 1083 1053 Η,
1105 973 1167 1035 καί

146 1078 237 1143 ἐστιν
270 1083 345 1142 ἴσον
377 1074 415 1142 τὸ
447 1077 578 1161 πλῆθος
605 1078 673 1142 τῶν
702 1082 756 1160 Μ,
775 1082 824 1161 Ν,
842 1078 885 1160 Ξ,
906 1082 935 1141 O
961 1079 1008 1165 τῷ
1036 1073 1166 1161 πλήθει

145 1185 212 1249 τῶν
231 1190 273 1267 A,
293 1187 332 1266 Γ,
352 1190 395 1266 A,
415 1189 455 1265 Β,
475 1183 611 1261 ἕκαστος
629 1181 696 1268 άρα
713 1185 783 1248 τῶν
802 1189 852 1268 Μ,
871 1189 916 1265 Ν,
935 1184 973 1267 Ξ,
990 1180 1165 1268 Οὲιιάστῳ

94 1305 127 1355 10
145 1292 215 1356 τῶν
237 1296 280 1373 A,
299 1293 338 1373 Γ,
357 1296 401 1373 A,
420 1294 449 1354 Β
473 1296 545 1368 ῖσος
568 1290 671 1357 ἐστίν·
696 1296 770 1380 ῖσος
792 1286 858 1374 ἄρα
881 1288 973 1356 ἐστὶν
997 1285 1015 1354 6
1040 1287 1105 1375 μὲν
1126 1294 1171 1355 Μ

145 1396 191 1486 τῷ
219 1403 266 1476 A,
295 1391 313 1461 6
343 1393 380 1462 δὲ
410 1401 438 1461 0
464 1399 510 1487 τῷ
534 1400 572 1463 Β.
616 1395 673 1462 καὶ
701 1394 771 1462 ἐπεὶ
799 1391 818 1462 6
843 1401 870 1460 Ζ
894 1391 1015 1460 ἑαυτὸν
1039 1401 1167 1461 πολλα-

144 1499 330 1580 πλασιάσας
357 1498 418 1568 τὸν
446 1506 692 1588 Θπεποίηιιεν,
720 1498 739 1569 6
764 1507 792 1567 Ζ
814 1498 881 1586 άρα
903 1497 964 1567 τὸν
992 1505 1021 1566 Θ
1050 1515 1170 1586 μετρεῖ
1206 1554 1210 1558 .

145 1605 229 1675 κατὰ
252 1616 310 1686 τὰς
329 1609 366 1675 ἐν
384 1611 430 1701 τῷ
451 1615 479 1674 Ζ
501 1607 664 1695 μονάδας.Ι
702 1620 817 1695 μετρεῖ
833 1606 871 1674 δὲ
889 1606 945 1673 καὶ
964 1603 985 1692 ἡ
1005 1613 1038 1672 Β
1055 1606 1169 1692 μονάς
1201 1656 1204 1661 -

145 1714 208 1781 τὸν
236 1720 264 1780 Ζ
290 1711 373 1781 κατὰ
402 1712 461 1794 τάς
489 1717 526 1782 ἐν
549 1711 641 1807 αὐτῷ
665 1711 831 1800 μονάδας·
864 1711 975 1792 ἰσάκις
997 1709 1067 1798 άρα
1090 1710 1114 1800 ἡ
1138 1721 1173 1781 Β

94 1834 127 1885 ιο
146 1817 253 1906 μονάς
279 1816 340 1887 τὸν
368 1827 395 1886 Ζ
422 1817 573 1907 άριθμόν
596 1831 710 1906 μετρεῖ
729 1818 786 1886 καὶ
810 1815 828 1886 6
853 1825 881 1885 Ζ
903 1817 964 1886 τὸν
986 1825 1024 1886 Θ.
1071 1824 1169 1888 ἔστιν

146 1923 213 2013 ἄρα
236 1922 281 2005 ὡς
303 1922 325 2010 ἡ
347 1932 380 1992 Ε
399 1925 507 2012 μονὰς
529 1924 612 2013 πρὸς
634 1926 694 1993 τὸν
718 1932 745 1991 Ζ
769 1922 936 2012 ἀριθμόν,
960 1925 1069 2006 οὕτως
1092 1924 1114 1994 6
1143 1935 1172 1996 Ζ

146 2030 230 2119 πρὸς
258 2030 319 2099 τὸν
346 2038 384 2098 Θ.
429 2031 548 2116 πάλιν,
579 2031 649 2099 ἐπεὶ
677 2029 695 2099 6
725 2038 753 2098 Z
779 2029 840 2098 τὸν
864 2037 893 2098 Θ
915 2033 1173 2102 πολλαπλασιά-

147 2159 208 2219 σας
233 2138 295 2207 τὸν
318 2146 363 2206 Μ
380 2143 575 2225 πεποίηκεν,
604 2135 622 2205 6
647 2144 676 2206 Θ
703 2136 770 2224 ἄρα
792 2135 855 2205 τὸν
877 2144 924 2204 Μ
945 2150 1060 2224 μετρεῖ
1080 2139 1171 2209 κατὰ

146 2244 206 2325 τὰς
238 2248 275 2315 ἐν
305 2249 351 2337 τῷ
384 2253 412 2313 Ζ
444 2243 602 2332 μονάδας.
649 2257 763 2331 μετρεῖ
793 2243 831 2312 66
861 2244 919 2311 καὶ
946 2242 968 2331 61
997 2250 1029 2310 E
1055 2245 1174 2331 μονάς

93 2366 129 2415 20
147 2350 208 2420 τὸν
236 2359 264 2419 Ζ
291 2349 442 2438 άριθμὸν
474 2349 558 2418 κατά
585 2346 645 2429 τάς
672 2351 709 2417 ἐν
737 2347 828 2440 αὐτῷ
856 2350 1020 2437 μονάδας·
1054 2351 1175 2434 ἰσάκις

147 2455 214 2545 άρα
243 2455 320 2544 ἡΕ
345 2455 451 2544 μονάς
472 2455 533 2524 τὸν
557 2463 585 2523 Ζ
608 2452 758 2545 ἀριθμὸν
788 2470 902 2545 μετρεῖ
926 2457 983 2524 καὶ
1007 2483 1025 2524 ο
1050 2463 1081 2524 Θ
1104 2459 1174 2528 τὸν

148 2570 195 2631 Μ
237 2569 328 2632 ἔστιν
355 2560 422 2650 άρα
451 2559 496 2642 ὡς
522 2559 543 2647 ἡ
572 2568 604 2628 E
628 2560 736 2647 μονὰς
758 2559 842 2645 πρὸς
863 2565 925 2630 τὸν
949 2570 977 2629 Ζ
1000 2558 1175 2653 ἀριθμόν,

149 2667 254 2749 οὕτως
281 2667 299 2737 6
328 2675 358 2736 Θ
384 2666 469 2756 πρὸς
499 2666 561 2736 τὸν
592 2673 642 2735 Μ.
688 2669 825 2754 ἐδείχθη
858 2666 897 2734 δὲ
928 2668 984 2734 καὶ
1012 2664 1058 2746 ὡς
1085 2666 1110 2755 ἡ
1141 2679 1178 2739 Ε

149 2773 254 2861 μονὰς
276 2772 360 2861 πρὸς
381 2775 443 2843 τὸν
467 2782 495 2842 Ζ
517 2771 682 2861 ἀριθμόν,
707 2769 815 2851 οὕτως
837 2769 856 2840 6
880 2780 908 2839 Z
931 2771 1015 2861 πρὸς
1036 2772 1101 2842 τὸν
1128 2783 1174 2846 Θ·

221 3010 245 3059 1.
264 3005 401 3072 πεποίηκε
421 3004 483 3074 Vq).
556 3010 580 3058 2.
606 3004 744 3071 πεποίηκε
762 3001 825 3073 Vm.
899 3010 923 3058 3.
942 3005 1081 3072 πεποίηκε
1102 3007 1173 3078 Vaep.

149 3083 174 3132 4.
194 3077 331 3145 πεποίηκε
351 3075 413 3161 Ἶρ.
487 3080 511 3130 5.
532 3073 603 3129 εἰσιν
621 3075 652 3129 P.
726 3081 750 3129 6.
771 3077 805 3141 Ζ,
824 3074 869 3145 Η]
896 3078 937 3140 Η,
956 3078 977 3128 Ζ
995 3073 1085 3141 Βλλφ,
1130 3079 1175 3134 εἰ.

150 3150 194 3202 σίν
212 3149 242 3202 Β.
316 3153 341 3202 7.
360 3147 423 3218 τον]
443 3162 512 3201 corr.
533 3161 567 3200 ex
585 3147 641 3199 τῶν
659 3162 697 3200 m.
718 3151 732 3198 1
752 3143 782 3199 P.
857 3148 892 3212 Z,
912 3146 958 3216 Η]
980 3145 1175 3220 H,ZBV‹p;

150 3220 188 3285 Ε,
207 3221 228 3270 Ζ
246 3218 277 3272 Ρ.
369 3223 412 3274 10.
433 3218 507 3288 ἴσος]
525 3217 625 3286 (prius)
645 3232 715 3270 corr.
735 3232 769 3270 ex
787 3217 849 3270 ἴσον
867 3235 904 3271 m.
923 3233 978 3270 rec.
997 3215 1026 3270 P.
1125 3227 1173 3278 12,

150 3287 188 3358 Z]
208 3303 277 3341 eras.
296 3289 330 3343 V.
387 3295 429 3343 13.
447 3289 486 3358 τῷ
507 3289 544 3360 Ζ]
564 3283 641 3358 αὐτῷ
661 3287 729 3355 Vm,
747 3286 786 3359 τῷ
806 3291 828 3340 Ζ
846 3303 932 3355 supra
946 3305 982 3340 m.
998 3294 1014 3340 2
1029 3288 1063 3343 V.
1126 3300 1175 3350 18,
1202 3348 1207 3355 ,

149 3353 223 3427 ἄρα]
245 3355 286 3411 ἔτι
305 3378 336 3426 φ.
392 3365 434 3414 21.
456 3358 496 3429 Θ]
515 3375 532 3413 ο
550 3377 620 3414 corr.
635 3359 673 3424 V;
693 3357 763 3412 ΕΡ.
818 3363 861 3411 22.
880 3354 935 3427 ὡς]
951 3374 1035 3427 supra
1049 3377 1086 3417 m.
1105 3368 1122 3416 1
1139 3365 1175 3423 Β,

149 3433 192 3481 24.
211 3427 297 3498 πρός]
317 3428 415 3498 (priua)
434 3447 519 3499 supra
536 3449 573 3484 m.
592 3438 608 3484 2
627 3430 658 3485 Β.
