2446 3938
330 218 605 269 murmurosum
621 220 731 271 amaa
749 221 794 273 vr.
937 191 939 194 Α
1020 220 1083 283 171
1198 244 1208 257 ··

69 342 160 433 ΕΞ(
185 358 296 443 itaque
324 359 390 433 ΑΞ
402 389 444 412 =
463 364 584 425 ΦΧΨ.
632 362 688 426 sed
720 366 790 426 ΦΧ
798 367 888 426 llf=
903 367 939 428 Γ.
985 387 1084 449 quare

72 465 170 528 etiam
193 464 259 538 ΑΞ
272 495 313 518 =
328 469 364 530 Γ.
659 459 661 464 ’

132 570 223 656 Ergo
248 572 343 636 datae
365 576 471 638 rectae
495 578 561 638 AB
585 574 679 638 datae
702 573 825 658 figurae
848 577 1035 642 rectilineae
1054 581 1087 642 Γ

71 679 204 762 aequale
232 679 429 762 adplicatum
458 684 507 745 est
534 681 873 765 parallelogrammum
901 681 966 756 ΑΞ
994 704 1082 747 exee-

67 784 146 848 dens
179 785 285 868 figura
316 785 624 872 parallelogramma
653 790 735 867 ΠΟ,
767 809 848 870 quae
884 787 1000 851 similis
1034 790 1083 852 est

66 891 191 976 figurae
215 900 257 974 Δ,
280 892 449 975 quia‘OH
458 921 493 944 (ν
507 897 575 956 ΕΛ
594 895 699 976 [prop.
716 891 858 976 XXIV];
884 893 970 976 quod
989 914 1083 976 opor·

67 997 160 1061 tebat
182 997 260 1062 fieri.

522 1139 624 1204 XXX.

128 1261 247 1325 Datam
289 1265 410 1326 rectam
450 1263 660 1329 terminatam
698 1263 874 1329 seeundum
918 1244 1079 1329 rationem

62 1371 239 1433 extremam
264 1391 301 1433 ae
325 1369 466 1435 mediam
491 1391 607 1435 seoare.

103 1497 136 1551 1¹
216 1499 238 1550 z
285 1499 308 1555 θ
426 1474 475 1541 Sit
489 1475 564 1540 data
586 1479 674 1541 reeta
687 1477 861 1544 terminata
876 1480 951 1540 AB.
985 1498 1080 1560 opor·

225 1569 292 1576 ”“
358 1584 406 1646 tet
424 1582 527 1668 igitur
544 1588 667 1648 rectam
691 1589 756 1648 AB
781 1584 956 1648 seeundum
977 1585 1079 1647 extre-

359 1710 446 1752 mam
470 1710 508 1753 ao
530 1690 670 1757 mediam
692 1691 853 1756 rationem
878 1711 995 1756 secare.

425 1793 625 1858 describatur
645 1795 730 1859 enim
753 1796 789 1860 in
802 1801 867 1860 AB
887 1797 1080 1880 quadratum

68 1873 107 1928 A
288 1867 322 1926 B
357 1901 428 1983 ΒΓ,
453 1904 485 1963 et
507 1904 615 1964 rectae
643 1908 676 1965 A
682 1904 715 1964 Γ
739 1902 917 1985 adplicetur
944 1902 1080 1986 paralle-

357 2007 575 2091 logrammum
594 2009 656 2071 ΓΛ
676 2007 832 2090 quadrato
856 2010 923 2071 ΒΓ
945 2007 1081 2093 aequale

201 2119 232 2177 Δ
359 2117 391 2178 et
420 2112 574 2177 excedens
602 2112 707 2198 figura
735 2118 806 2176 ΑΛ
834 2113 932 2176 simili
957 2113 1080 2196 figurae

62 2223 130 2286 ΒΓ
150 2223 258 2304 [prop.
278 2219 417 2302 XXIX}
464 2218 657 2303 quadratum
675 2221 784 2284 autem
803 2223 853 2282 est
871 2222 946 2302 31³5
969 2218 1080 2303 itaque

63 2328 162 2393 etiam
190 2332 260 2391 ΑΔ
289 2328 482 2411 quadratum
510 2330 569 2391 est.
621 2330 653 2390 et
681 2326 834 2410 quoniam
861 2328 928 2389 ΒΓ
944 2355 986 2377 =
1006 2327 1079 2407 ΓΔ,

65 2433 285 2517 subtrahatur,
301 2433 386 2518 quod
400 2455 569 2497 commune
586 2437 645 2517 est,
660 2435 731 2498 ΓΕ.
755 2454 854 2516 quare
873 2435 936 2496 ΒΖ
947 2436 1079 2496 =AA.
1202 2505 1203 2508 Ἴ

65 2560 176 2605 uerum
201 2540 300 2604 etiam
324 2539 573 2624 aequiangulum
598 2540 627 2602 ei
650 2537 735 2628 est.¹)
783 2561 883 2623 quare
913 2540 948 2602 in
973 2538 1081 2643 paral-

62 2646 284 2731 lelogrammis
318 2649 392 2729 BZ,
412 2640 482 2710 ΑΔ
514 2646 618 2710 latera
646 2646 796 2729 aequales
828 2646 965 2730 angulos
993 2635 1079 2711 oom-

62 2753 296 2838 prehendentia
309 2753 345 2817 in
358 2753 524 2818 contraria
535 2754 748 2837 proportione
763 2755 838 2818 sunt
857 2755 961 2858 [prop.
975 2750 1079 2834 XIV].

62 2860 171 2941 itaque
200 2862 265 2922 ZE
283 2882 290 2922 :
309 2863 379 2923 EA
397 2889 439 2911 =
458 2863 526 2923 ΑΕ
544 2883 550 2923 :
565 2863 642 2923 ER.
694 2859 750 2924 sed
777 2864 843 2924 ZE
861 2891 904 2913 =
922 2856 1022 2947 AB2)
1047 2862 1079 2925 et

137 3071 163 3139 1)
183 3069 257 3124 Nam
274 3071 423 3137 utrumque
442 3069 637 3137 reetangulum
656 3071 705 3124 est.

133 3143 161 3211 2)
181 3141 254 3196 Nam
275 3144 325 3195 ZE
341 3165 375 3186 =
388 3143 444 3194 ΑΓ
460 3139 496 3208 (1,
516 3142 561 3208 34)
580 3142 609 3194 et
627 3143 727 3193 ΑΓ--
744 3143 800 3193 ΑΒ.

64 3339 131 3406 (non
154 3338 195 3406 F).
235 3338 296 3391 ἴσον
320 3332 396 3391 ἐστίν
418 3336 448 3390 F.
539 3341 581 3388 23.
605 3332 668 3406 τήν]
694 3351 748 3390 om.
771 3333 853 3404 BFp.
944 3340 986 3390 24.
1006 3335 1076 3406 AE]

62 3412 112 3461 AB
136 3429 165 3477 φ.
258 3404 320 3479 τήν]
346 3425 400 3462 om.
424 3407 508 3475 BFp.
599 3409 650 3460 ZE
673 3405 706 3477 τῇ
731 3408 791 3475 ΑΓ,
820 3404 946 3461 τουτέστι
969 3408 1002 3477 τῇ
1027 3412 1076 3461 ΑΒ

62 3480 159 3535 Theon
177 3477 311 3549 (BFVp).
384 3483 426 3533 25.
446 3477 515 3549 ΑΕ]
536 3480 586 3530 ΑΒ
605 3497 635 3545 φ.
