2446 3938
135 207 200 273 130
517 200 719 255 ΣΤΟΙΧΕΙΩΝ
738 194 778 254 ς’.

134 346 310 435 άλλήλαις,
340 353 410 413 ίσαι
438 342 588 412 είσλ”ιιαὶ
616 344 654 408 αί
674 338 741 409 ὑπὸ
769 345 880 425 ΒΗΓ,
901 345 1021 425 ΓΗΚ,
1046 345 1159 407 ΚΗΛ

133 459 255 541 γωνίαι
282 451 454 539 άλλήλαις·
487 449 703 518 ὁσαπλασίων
727 448 793 535 άρα
816 446 908 515 ἐστὶν
932 443 953 533 ἡ
978 451 1044 512 BA
1069 469 1158 534 περι-

135 561 253 649 φέρεια
271 564 330 647 τῆς
348 564 421 644 ΒΓ,
444 559 742 626 τοσαυταπλασίων
763 553 832 622 ἐστὶ
850 553 906 620 καὶ
925 552 946 639 ἡ
965 550 1032 620 ὑπὸ
1052 559 1160 620 BHA

135 673 242 754 γωνία
269 670 328 753 τῆς
355 665 422 734 ὑπὸ
452 669 561 731 ΒΗΓ.
608 660 665 730 διά
689 659 730 728 τά
754 658 838 729 αὐτά
868 657 910 747 δὴ
933 660 990 727 καί
1014 657 1160 727 ὁσαπλα-

100 789 117 838 5
136 779 219 841 σίων
240 773 332 841 ἐστὶν
351 772 372 860 ἡ
389 778 461 840 ΝΕ
477 771 671 859 περιφέρεια
693 770 751 854 τῆς
765 775 839 854 ΕΖ,
858 772 1159 836 τοσαυταπλασίων

137 880 206 948 ἐστὶ
229 881 285 947 καὶ
309 877 330 965 ἡ
354 877 422 947 νπό
447 884 553 945 ΝΘΕ
578 880 685 962 γωνία
708 878 768 961 τῆς
795 872 862 942 ὑπὸ
887 881 992 942 ΕΘΖ.
1039 878 1070 941 εί
1092 872 1164 962 άρα

137 995 192 1074 ίση
222 986 314 1055 ἐστὶν
341 982 361 1071 ἡ
391 990 457 1051 ΒΛ
484 983 678 1070 περιφέρεια
705 984 744 1069 τῇ
770 987 845 1048 ΕΝ
863 975 1072 1072 περιφερείᾳ,
1103 989 1159 1067 ίση

137 1094 207 1162 ἐστὶ
238 1092 294 1160 καὶ
325 1097 432 1178 γωνία
459 1087 479 1178 ἡ
510 1088 576 1158 ὑπὸ
605 1095 710 1156 BHA
737 1091 777 1177 τῇ
805 1085 872 1156 ὑπὸ
897 1095 1017 1174 ΕΘΝ,
1045 1088 1101 1156 καὶ
1130 1091 1163 1155 εί

137 1204 257 1287 μείζων
287 1199 378 1266 ἐστὶν
405 1195 426 1284 ἡ
452 1203 518 1264 BA
542 1196 735 1284 περιφέρεια
762 1197 821 1281 τῆς
843 1201 918 1262 ΕΝ
936 1201 1160 1282 περιφερείας,

85 1321 119 1369 10
138 1311 259 1394 μείζων
288 1305 357 1372 ἐστὶ
384 1304 440 1370 καλ
467 1301 488 1390 ἡ
512 1301 579 1370 ὑπὸ
608 1309 713 1370 BHA
743 1308 851 1388 γωνία
873 1305 933 1389 τῆς
954 1299 1019 1370 ὑπὸ
1045 1309 1161 1388 ΕΘΝ,

95 1396 99 1403 ’
137 1413 194 1479 καὶ
217 1415 248 1479 εί
271 1408 439 1495 ἐλάσσων,
463 1408 623 1477 ἐλάσσων.
670 1408 842 1497 τεσσάρων
872 1409 913 1495 δὴ
935 1409 1044 1477 ὅντων
1067 1435 1161 1496 μεγε-

137 1521 225 1602 θῶν,
249 1515 313 1583 δύο
338 1515 399 1601 μὲν
422 1519 644 1602 περιφερειῶν
668 1520 736 1584 τῶν
760 1521 832 1601 ΒΓ,
851 1523 924 1597 ΕΖ,
949 1514 1011 1582 δύο
1036 1514 1073 1582 δέ
1097 1542 1162 1601 γω-

139 1626 223 1689 νιῶν
256 1625 325 1689 τάν
357 1619 425 1688 ὑπὸ
454 1628 566 1707 ΒΗΓ,
592 1629 704 1708 ΕΘΖ,
738 1630 890 1709 εἴληπται
919 1627 978 1708 τῆς
1008 1620 1069 1708 μὲν
1098 1626 1168 1688 ΒΓ

138 1732 353 1816 περιφερείας
375 1727 431 1794 καλ
454 1730 513 1814 τῆς
535 1726 603 1796 ὑπὸ
628 1735 737 1797 ΒΗΓ
758 1734 883 1814 γωνίας
907 1726 1016 1806 ἰσάκις
1039 1733 1162 1794 πολλα-

85 1857 120 1906 15
138 1841 290 1903 πλασίων
318 1832 341 1921 ἥ
369 1859 404 1902 τε
431 1840 497 1901 BA
526 1836 719 1922 περιφέρεια
746 1835 802 1900 καὶ
829 1831 851 1919 ἡ
880 1831 946 1901 ὑπά
970 1839 1074 1901 BHA
1098 1860 1162 1918 γω-

138 1947 211 2028 νία,
239 1944 298 2028 τῆς
331 1939 369 2008 δέ
392 1947 455 2008 ΕΖ
478 1946 690 2029 περιφερείας
716 1940 773 2006 καὶ
800 1943 859 2026 τῆς
887 1936 953 2007 ὑπὸ
978 1946 1075 2006 ΕΘΖ
1098 1967 1165 2025 γω-

139 2053 214 2128 νίας
245 2048 268 2135 ἥ
301 2073 336 2114 τε
362 2053 437 2114 ΕΝ
464 2047 658 2135 περιφέρεια
684 2046 740 2112 καί
769 2042 789 2132 ἡ
818 2042 884 2112 ὑπὸ
915 2051 1023 2112 ΕΘΝ
1045 2052 1164 2133 γωνία.

139 2155 194 2222 καὶ
224 2156 403 2241 δέδεικται,
433 2154 485 2222 ὅτι
512 2159 543 2222 εί
570 2151 724 2241 ὑπερέχει
752 2149 773 2239 ἡ
798 2159 864 2219 BA
887 2151 1081 2240 περιφέρεια
1104 2157 1166 2246 τῆς

139 2267 213 2327 ΕΝ
241 2266 468 2349 περιφερείας,
500 2259 653 2348 ὑπερέχει
677 2259 742 2326 ’καί
774 2256 795 2345 ἡ
823 2257 890 2327 ὑπέ.
922 2265 994 2326 ΒΗ
998 2265 1028 2324 A
1056 2267 1165 2345 γωνία

90 2390 124 2438 20
142 2369 201 2452 τῆς
219 2363 285 2435 ὑπὸ
306 2374 413 2434 ΕΘΝ
426 2373 560 2452 γωνίας,
579 2367 635 2433 καὶ
654 2371 685 2433 εί
703 2373 770 2453 ἴση,
790 2374 857 2453 ἴση,
876 2365 931 2433 καὶ
951 2370 983 2433 εί
1001 2365 1165 2454 ἐλάσσων,

141 2470 302 2540 ἐλάσσων.
350 2476 442 2539 ἐστιν
466 2470 548 2560 άρα,
574 2471 619 2552 ὡς
641 2469 661 2558 ἡ
688 2477 755 2539 ΒΓ
773 2473 967 2561 περιφέρεια
989 2471 1075 2560 πρὸς
1101 2471 1166 2560 τὴν

140 2585 219 2664 ΕΖ,
244 2576 350 2657 οὕτως
378 2574 399 2664 ἡ
423 2573 488 2644 ὑπὸ
515 2583 588 2644 BH
590 2583 623 2644 Γ
640 2584 745 2664 γωνία
768 2576 851 2666 πρὸς
873 2575 935 2664 τὴν
965 2575 1032 2646 ὑπὸ
1057 2585 1164 2646 ΕΘΖ.

141 2680 216 2750 ἀλλ’
252 2682 298 2764 ὡς
330 2680 351 2769 ἡ
383 2679 450 2749 ὑπὸ
484 2688 591 2750 ΒΗΓ
616 2689 723 2769 γωνία
755 2683 840 2770 πρὸς
867 2683 928 2772 τὴν
960 2682 1028 2752 ὑπὸ
1056 2691 1165 2772 ΕΘΖ,

143 2785 249 2867 οὕτως
276 2816 297 2874 η
328 2787 396 2856 νπὸ
425 2793 530 2855 ΒΑΓ
554 2786 638 2876 πρὸς
666 2791 729 2877 τὴν
751 2789 818 2859 ὑπὸ
843 2798 957 2860 ΕΛΖ·
1004 2795 1167 2860 διπλασία

89 2922 123 2974 25
142 2892 206 2978 γάρ
223 2886 362 2980 ἑκατέρα
372 2892 534 2981 ἑκατέρας.
557 2895 614 2962 καὶ
626 2891 670 2976 ὡς
685 2894 780 2985 άραὴ
797 2903 864 2965 ΒΓ
877 2898 1072 2986 περιφέρεια
1081 2897 1168 2986 πρὸς

141 2996 204 3084 τὴν
234 3005 297 3065 ΕΖ
325 2999 555 3088 περιφέρειαν,
585 3001 692 3081 οὕτως
719 2999 741 3089 ἥ
768 3029 803 3070 τε
829 3000 896 3070 ὑπὸ
924 3008 1033 3070 ΒΗΓ
1059 3001 1167 3090 γωνία

141 3103 225 3192 πρὸς
261 3103 323 3193 τὴν
360 3102 426 3174 ὑπὸ
464 3115 560 3176 ΕΘΖ
596 3110 652 3176 καί
688 3107 709 3196 ἡ
746 3107 812 3178 ὑπὸ
850 3116 955 3178 ΒΑΓ
982 3108 1065 3197 πρὸς
1102 3110 1167 3198 τὴν

144 3210 211 3278 ὑπὸ
237 3220 347 3280 ΕΔΖ.

147 3339 361 3350 ——..——-

216 3396 239 3441 1.
260 3371 469 3460 ἴσαιάλλήλαις
488 3391 553 3459 PV3
578 3392 609 3446 in
627 3391 650 3446 P
669 3394 729 3448 ἴσαι
752 3392 806 3448 (1ε1.
825 3411 862 3451 m.
889 3410 944 3450 ree.
984 3393 1055 3450 εἰσίν
1080 3394 1168 3452 ΡΒΕ.

181 3464 205 3513 ε,
225 3461 292 3530 BA]
312 3467 334 3515 Λ
356 3478 425 3515 eras.
445 3461 474 3515 F.
561 3469 585 3517 3.
607 3457 683 3519 ἐστιν
700 3465 731 3518 Ρ.
818 3470 843 3520 ε.
863 3460 970 3523 ἐστιν.
1063 3473 1088 3524 ε.
1108 3463 1168 3524 ὑπὸ

145 3531 443 3601 mmmmm).
500 3538 524 3586 8.
546 3529 667 3588 ἐστίνΡ.
723 3533 923 3606 εί]ἱηεαε.Ρ.
983 3543 1023 3592 10.
1045 3533 1168 3596 ἐστίνΡ.
