2446 3938
373 109 648 161 ELEMENTORUM
667 109 777 160 mann
791 109 827 174 ¹V.
1077 108 1121 172 49

105 270 206 336 aeque
229 249 425 335 multiplices
450 255 538 336 suut,
566 255 599 316 et
620 255 669 335 H,
692 256 721 318 Θ
744 253 1005 339 magnitudinum
1027 255 1065 337 Γ,
1088 258 1122 317 Δ
1198 323 1200 327 ,

104 358 187 423 aliae
206 357 338 441 quaeuis
364 378 465 441 aeque
488 357 697 442 multiplices;
719 359 829 444 itaque
847 364 879 424 A
893 383 901 424 ε
915 362 947 424 Γ
957 389 999 412 =
1014 363 1043 424 Β
1058 382 1065 423 :
1080 365 1122 427 A.

171 463 262 548 Ergo
283 463 311 528 si
330 467 485 548 quattuor
503 463 747 549 magnitudines
761 467 1022 550 proportionales
1037 472 1121 551 sunt,

104 571 202 635 etiam
225 569 439 654 permutando
461 569 721 654 proportionales
741 575 849 655 erunt3
873 572 958 655 quod
978 576 1048 637 erat
1067 573 1121 638 de-

104 675 362 741 monstrandum.

557 779 663 845 XVII.

117 894 119 899 ⁵
172 903 207 970 si
244 905 443 989 compositae
475 905 715 990 magnitudines
747 906 1007 990 proportionales
1036 911 1120 992 sunt,

105 1013 206 1078 etiam
230 1009 410 1076 dirimendo
433 1010 696 1093 proportionales
720 1015 822 1076 erunt.
912 1010 913 1014 ’

172 1115 246 1183 Sint
268 1117 468 1202 compositae
490 1116 732 1201 magnitudines
756 1117 1017 1202 proportionales
1042 1123 1119 1202 ΑΒ,

104 1229 178 1309 ΒΕ,
200 1226 271 1307 ΓΔ,
296 1225 371 1307 ΔΖ,
394 1223 441 1287 ita
463 1225 501 1286 ut
524 1223 568 1287 sit
589 1226 1003 1288 A323n=rA2An
1040 1224 1120 1307 dico,

103 1332 204 1397 etiam
227 1327 406 1395 dirimendo
431 1349 501 1392 esse
524 1331 614 1392 AE:
629 1331 691 1392 ΕΒ
707 1357 749 1380 =
764 1331 825 1392 ΓΖ
839 1352 847 1392 :
863 1333 937 1394 ΔΖ.

172 1439 340 1503 sumantur
370 1435 457 1499 enim
480 1434 742 1520 magnitudinum
765 1441 841 1520 ΑΕ,
864 1441 936 1520 ΕΒ,
959 1440 1029 1521 ΓΖ,
1052 1441 1120 1502 ΖΛ
1171 1458 1173 1463 ·

103 1564 207 1628 aeque
229 1543 427 1627 multiplices
450 1545 526 1626 ΗΘ,
550 1545 628 1628 ΘΚ,
651 1546 742 1627 ΛΜ,
764 1546 849 1607 ΜΝ
868 1547 900 1608 et
923 1545 1119 1628 magnitudi-

102 1672 183 1715 num
197 1653 269 1734 EB,
285 1653 352 1714 ΖΔ
370 1649 453 1714 aliae
468 1649 601 1732 quaeuis
620 1669 722 1732 aeque
740 1649 934 1732 multiplices
949 1653 984 1713 K
986 1651 1022 1734 Ξ,
1037 1655 1075 1715 Ν
1076 1657 1119 1716 Π.

103 1760 138 1822 et
161 1755 315 1842 quoniam
338 1759 406 1820 ΗΘ
429 1754 662 1840 magnitudinis
685 1759 755 1820 ΑΕ
776 1759 809 1819 et
832 1759 900 1820 ΘΚ
922 1757 1119 1842 magnitudi-

92 1859 157 1927 ¹nis
184 1866 248 1926 ΕΒ
282 1882 382 1947 aeque
411 1860 582 1944 multiplex
610 1864 673 1944 est,
705 1861 767 1925 erit
789 1865 858 1926 ΗΘ
884 1863 1118 1948 magnitudinis

103 1972 174 2033 ΛΕ
185 1971 218 2033 et
232 1972 306 2033 HK
318 1966 553 2052 magnitudinis
567 1971 633 2031 AB
656 1987 757 2050 acque
772 1967 944 2051 multiplex
963 1969 1068 2053 [prop.
1079 1969 1118 2051 I].

102 2095 216 2142 uorum
230 2077 299 2139 ΗΘ
321 2072 556 2160 magnitudinis
571 2076 640 2136 ΑΕ
662 2075 695 2136 et
709 2075 791 2136 AM
808 2073 1043 2155 magnitudinis
1058 2076 1119 2137 ΓΖ

105 2202 206 2266 aeque
228 2180 400 2264 multiplex
423 2182 481 2245 est.
514 2179 625 2262 itaque
648 2181 724 2242 HK
744 2178 979 2262 magnitudinis
998 2185 1063 2246 AB
1087 2187 1120 2247 et

104 2291 186 2353 AM
213 2286 448 2372 magnitudinis
476 2288 538 2350 ΓΖ
571 2306 671 2369 aeque
700 2284 871 2369 multiplex
903 2290 961 2350 est.
1006 2309 1118 2353 rursus

105 2394 260 2479 quoniam
283 2395 365 2456 AM
385 2390 621 2478 magnitudinis
644 2393 705 2455 ΓΖ
729 2395 761 2456 et
784 2395 867 2456 MN
885 2393 1118 2478 magnitudinis

104 2503 173 2564 ΖΔ
201 2520 299 2584 aeque
328 2499 499 2584 multiplex
523 2501 587 2583 est,
615 2497 678 2563 erit
700 2501 782 2562 AM
799 2499 1033 2583 magnitudinis
1057 2503 1119 2565 ΓΖ

102 2607 138 2668 et
164 2607 240 2669 ΛΝ
265 2603 500 2689 magnitudinis
529 2607 591 2669 ΓΔ
621 2624 720 2687 aeque
752 2604 922 2686 multiplex
950 2607 1055 2690 [prop.
1078 2605 1118 2687 I].

101 2713 174 2774 erat
197 2713 305 2774 autem
328 2713 410 2774 ΛΜ
426 2710 660 2796 magnitudinis
683 2712 745 2774 ΓΖ
769 2713 802 2774 et
824 2713 899 2774 HK
919 2711 1118 2796 magnitudi-

102 2816 156 2882 nis
184 2819 249 2880 ΑΒ
283 2836 383 2900 aeque
415 2816 596 2901 multiplex.
641 2817 751 2901 itaque
779 2819 855 2880 HK
884 2817 1117 2903 magnitudinis

102 2925 171 2989 AB
204 2925 236 2986 et
263 2924 339 2986 AN
367 2921 599 3007 magnitudinis
626 2924 690 2986 ΓΛ
723 2943 824 3006 aeque
858 2923 1029 3006 multiplex
1060 2905 1118 2989 est.

99 3162 173 3238 ἄρα]
202 3166 232 3220 in
259 3184 314 3222 ras.
341 3185 378 3223 m.
404 3175 420 3222 2
443 3167 477 3222 V.
568 3167 641 3238 HK]
664 3171 691 3222 K
717 3167 748 3222 in
772 3183 826 3222 ras.
851 3186 887 3222 m.
907 3173 922 3222 2
943 3168 979 3234 v;
1008 3172 1073 3223 AM
1087 3170 1118 3223 P.

138 3244 182 3294 20.
202 3237 264 3310 AB]
285 3241 306 3290 B
324 3238 354 3292 in
372 3254 417 3292 ras
435 3255 472 3294 m.
492 3243 508 3291 2
526 3238 564 3304 V;
586 3241 637 3292 ΓΖ
655 3237 685 3294 Ρ.
767 3238 841 3308 ΛΜ]
864 3242 923 3292 ΗΚ
940 3238 970 3296 P.
1054 3241 1117 3311 PZ]

101 3313 155 3365 AB
178 3309 208 3363 P.
254 3306 341 3364 πάλιν
371 3304 436 3364 ἐπεί
452 3341 485 3349 -
505 3313 553 3363 21:
577 3311 628 3365 τοῦ
655 3311 717 3380 ΓΖ]
741 3327 797 3380 mg.
821 3328 857 3369 m.
877 3325 930 3364 reo.
950 3308 986 3377 Β,
1016 3327 1069 3366 om.
1089 3330 1117 3380 p.

139 3385 183 3434 21.
206 3379 272 3451 ΖΛ]
292 3384 344 3434 ΔΖ
363 3379 450 3450 BVp.
524 3386 567 3435 23.
585 3381 656 3452 AN]
676 3384 736 3436 ΛΗ
753 3381 778 3437 V
798 3397 812 3436 e
832 3397 901 3437 corr.
921 3399 956 3435 nr.
977 3387 1000 3436 2.
1074 3387 1119 3436 24.

99 3451 168 3523 τοῦ]
189 3450 291 3522 (prius)
310 3451 353 3506 bis
372 3471 399 3522 p.
472 3451 535 3523 AB]
556 3468 625 3506 eras.
645 3471 672 3522 p.

156 3547 312 3602 Euclides,
326 3551 377 3594 edd.
392 3550 493 3602 Holborg
509 3553 531 3593 st
546 3551 632 3602 Margo.
658 3551 690 3594 11.
942 3548 958 3594 4
