2446 3938
133 195 176 260 90
509 193 710 246 Σνουιυιαυ
730 190 770 247 τ’.

133 347 228 424 λογοι
260 339 297 406 αἴ
326 335 393 406 ὑπὸ
427 340 487 416 τὰς
514 345 587 418 ἴσας
618 342 744 424 γωνίας
770 334 1021 406 ὑποτείνουσαι·
1055 335 1147 404 ἔστιν

132 444 198 531 ἄρα
226 442 271 524 ώς
299 442 319 532 ἡ
348 453 414 513 ΑΒ
442 447 526 534 πρὸς
552 447 614 532 τὴν
642 450 714 532 ΒΓ,
745 444 877 530 [οὕτως]
910 441 930 530 ἡ
960 451 1031 511 ΗΕ
1062 468 1148 534 προς

131 554 194 638 τὴν
216 558 288 622 ΕΖ.
339 548 412 620 ἀλλ’
444 549 489 633 ώς
511 549 532 639 v}
557 558 622 620 AB
645 554 730 638 πρὸς
752 554 816 636 τὴν
838 558 910 636 ΒΓ,
934 549 1041 630 οὑτως
1063 549 1147 620 ὑπό-

131 685 236 728 κειται
267 657 289 747 v}
322 666 393 726 ΔΕ
422 661 506 761 πρὸς
536 661 599 746 την
631 665 706 726 ΕΖ·
740 654 784 738 ώς
816 655 884 748 ἄρα
915 654 936 746 y}
966 665 1037 725 ΔΕ
1061 661 1148 748 πρὸς

97 769 195 854 στην
224 773 300 853 ΕΖ,
330 765 437 846 οὑτως
463 762 484 853 ἡ
517 771 590 832 ΗΕ
609 767 693 854 πρὸς
716 767 778 852 τὴν
802 773 874 834 ΕΖ.
915 765 1053 856 ἑκατέρα
1077 765 1144 855 ἄρα

131 878 199 942 τών
228 881 310 960 ΛΕ,
325 880 397 941 ΗΕ
423 870 508 960 πρὸς
534 870 597 959 τὴν
625 880 690 939 ΕΖ
717 871 778 941 τὸν
801 870 906 942 αὑτὸν
933 877 999 961 ἔχει
1027 871 1146 959 λόγον·

131 989 186 1068 ἴση
210 982 277 1069 ίίρα
301 981 391 1050 ἐστὶν
414 977 435 1066 ἡ
460 987 530 1047 ΔΕ
546 983 586 1069 vy}
604 987 683 1048 HE.
730 978 785 1048 διὰ
809 977 850 1048 τὰ
874 977 959 1048 αὐτὰ
983 978 1025 1069 δὴ
1044 977 1145 1067 καὶὴ

131 1097 164 1156 Δ
170 1096 197 1156 Ζ
220 1091 260 1176 v'y}
287 1094 355 1154 ΗΖ
384 1089 474 1155 ἐστιν
498 1094 562 1174 ἴση.
609 1087 679 1155 ἐπεὶ
703 1078 767 1156 οὖν
790 1095 845 1173 ἴση
866 1087 957 1155 ἐστὶν
975 1084 997 1173 v}
1016 1094 1088 1154 ΔΕ
1104 1089 1144 1176 τῇ

129 1202 213 1281 ΕΗ,
237 1193 334 1281 κοινὴ
360 1193 398 1262 δὲ
419 1190 441 1280 v}
466 1200 544 1280 EZ,
568 1193 632 1261 δύο
657 1192 699 1281 δὴ
724 1196 761 1260 αἴ
784 1200 868 1280 ΔΕ,
883 1200 946 1260 ΕΖ
969 1193 1048 1261 δυσὶ
1071 1206 1146 1272 ταίς

77 1323 111 1373 10
128 1307 212 1387 ΗΕ,
228 1307 290 1367 ΕΖ
318 1309 387 1368 ἴσαι
416 1303 514 1368 εἴσίν·
542 1299 599 1366 καῖ
626 1299 724 1385 βοίσις
751 1297 772 1387 v}
797 1307 864 1368 ΛΖ
887 1298 983 1385 βάσει
1009 1303 1049 1387 vy}
1075 1305 1150 1368 ΖΗ

130 1410 248 1492 [ἐστιν]
278 1416 347 1493 ἴση·
374 1411 483 1493 γωνία
510 1403 576 1493 ἄρα
603 1403 624 1493 ἡ
655 1403 720 1474 ὑπὸ
745 1413 847 1473 ΑΕΖ
874 1411 982 1496 γωνία
1008 1410 1048 1496 vy}
1073 1403 1141 1476 ὑπὸ

32 1529 38 1544 ·
128 1521 230 1582 ΗΕΖ
258 1515 349 1581 ἐστιν
377 1520 447 1599 ἴση,
478 1512 534 1579 καὶ
561 1510 598 1580 τὸ
631 1519 732 1580 ΔΕΖ
763 1519 932 1602 τρίγωνον
963 1517 1009 1607 τῷ
1037 1520 1142 1582 ΗΕΖ

127 1617 278 1711 τριγώνῳ
317 1627 407 1704 ἴσον,
443 1617 499 1686 καὶ
532 1621 569 1685 αἴ
603 1619 717 1686 λοιπαὶ
753 1624 875 1705 γωνίαι
907 1632 979 1698 ταῖς
1009 1627 1144 1700 ἴοιπαῖς

127 1731 266 1813 γωνίαις
294 1734 379 1811 ἴσαι,
407 1721 467 1811 ὑφ’
498 1721 538 1805 ἃς
566 1728 604 1792 αἴ
630 1734 700 1793 ἴσαι
723 1726 865 1815 πλευραὶ
893 1724 1141 1797 ὑποτείνουσιν.

76 1855 108 1904 15
128 1841 182 1918 ἴση
203 1831 268 1919 ἄρα
287 1832 356 1900 ἐστὶ
375 1832 431 1900 καὶ
449 1828 470 1920 y}
490 1831 552 1919 μὲν
570 1829 635 1900 ὑπὸ
650 1840 684 1900 Δ
689 1840 755 1901 ΖΕ
765 1837 873 1920 γωνία
891 1836 931 1922 vy}
945 1831 1011 1902 ὑπὸ
1025 1840 1140 1922 ΗΖΕ,

126 1935 147 2024 ἡ
172 1936 210 2005 δὲ
232 1935 298 2006 ὑπὸ
322 1945 424 2006 ΕΔΖ
446 1943 486 2029 vy}
510 1937 577 2008 ὑπὸ
601 1946 712 2018 ΕΗΖ.
758 1939 814 2008 καῖ
842 1941 910 2009 ἐπεὶ
939 1939 960 2028 ἡ
988 1940 1050 2028 μὲν
1072 1938 1141 2009 ὑπὸ

126 2052 228 2112 ΖΕΔ
249 2049 289 2134 vy}
312 2043 379 2114 ὑπὸ
402 2053 505 2141 ΗΕΖ
529 2048 619 2115 ἐστιν
643 2055 714 2134 ἴση,
743 2044 816 2115 ἀλλ’
837 2045 858 2135 v}
881 2044 947 2115 ὑπὸ
971 2053 1077 2116 ΗΕΖ
1100 2050 1142 2138 vy}

126 2148 191 2220 ὑπὸ
215 2158 325 2240 ΑΒΓ,
348 2153 404 2221 καὶ
428 2150 449 2240 ἡ
472 2151 538 2222 ὑπὸ
563 2159 668 2221 ΑΒΓ
680 2151 746 2241 ἄρα
769 2159 875 2239 γωνία
893 2157 933 2242 vy}
952 2151 1017 2222 ὑπὸ
1038 2161 1140 2222 ΔΕΖ

126 2261 216 2326 ἐστιν
241 2267 304 2345 ἴση.
347 2256 404 2326 διὰ
426 2256 467 2326 τὰ
492 2255 577 2326 αὐτὰ
601 2256 643 2344 δὴ
667 2257 723 2325 καὶ
750 2254 772 2345 y}
795 2255 862 2326 ὑπὸ
885 2263 985 2326 ΑΓΒ
1008 2262 1048 2347 vy}
1071 2257 1139 2330 ὑπὸ

72 2387 107 2438 20
126 2373 229 2433 ΔΖΕ
254 2368 344 2434 ἐστιν
373 2373 444 2450 ἴση,
472 2363 528 2430 καὶ
556 2367 604 2430 ἔτι
631 2360 652 2451 ἡ
681 2362 765 2452 πρὸς
791 2368 836 2458 τῷ
860 2372 892 2431 A
920 2369 960 2456 vy}
989 2365 1072 2456 πρὸς
1093 2371 1142 2461 vy}

126 2479 172 2538 Δ·
197 2471 378 2559 ἰσογώνιον
402 2469 467 2556 ἄρα
491 2469 559 2538 ἑστῖ
582 2468 619 2537 τὸ
644 2475 750 2538 ΑΒΓ
768 2476 935 2560 τρίγωνον
964 2477 1011 2566 vy'v'
1036 2481 1140 2544 AEZ

92 2585 93 2588 ’
124 2579 286 2670 τριγώνῳ.

188 2682 268 2752 Ἐὰν
291 2682 357 2772 ἄρα
380 2681 444 2750 δύο
467 2687 615 2771 τρίγωνα
636 2682 696 2764 τὰς
713 2684 859 2773 πλευρὰς
877 2682 1049 2774 ἀνάλογον
1068 2691 1139 2778 ἔχη,

125 2790 287 2876 ἰσογώνια
310 2793 401 2856 ἔσται
423 2786 464 2856 τὰ
487 2794 634 2877 τρίγωνα
656 2792 712 2858 καῖ
736 2799 810 2871 ἴσας
833 2791 897 2874 ἕξει
919 2791 978 2873 τὰς
1000 2799 1137 2883 γωνίας,

71 2915 107 2966 25
125 2892 186 2982 ὑφ’
212 2893 252 2976 οὶς
271 2898 308 2962 αἴ
329 2893 487 2983 ὁμόλογοι
510 2898 651 2987 πλευραὶ
674 2895 924 2968 ὑποτείνουσιν·
958 2899 1039 2990 ὅπερ
1068 2906 1138 2972 ἔδει

124 3004 238 3084 δείξαι.
634 3092 643 3117 Ι

611 3112 652 3166 ς.

187 3213 275 3284 Ἐὰν
312 3214 385 3284 δύο
422 3222 598 3306 τρίγωνα
634 3223 730 3306 μίαν
764 3224 916 3306 γωνίαν
957 3225 1027 3310 μιᾷ
1064 3247 1138 3307 γω-

197 3399 220 3448 1.
240 3394 357 3464 γωνίας]
376 3412 412 3448 m.
432 3400 448 3448 2
468 3394 498 3451 F.
535 3394 655 3464 πλευραὶ
668 3391 870 3451 ὑποτείνουσαι
882 3396 979 3452 Theon
998 3398 1136 3471 (BVFp).

157 3470 182 3519 2.
202 3459 266 3536 τήν]
286 3481 338 3520 om.
358 3465 439 3534 BFp.
532 3459 632 3538 οὑτως]
653 3484 706 3522 om.
726 3466 756 3520 P.
848 3474 872 3523 3.
892 3466 956 3540 τήν]
977 3486 1031 3525 om.
1051 3470 1134 3540 BFp.

122 3529 366 3607 ἆλί.’-4;ΕΖ]
391 3554 448 3607 mg.
472 3537 595 3594 m.1l‹¹.
668 3545 692 3594 3.
708 3532 772 3608 τήν]
792 3554 845 3592 om.
866 3539 949 3609 BFp.
1023 3548 1048 3596 4.
1068 3537 1134 3614 τήν]

76 3662 103 3714 k
