2446 3938
132 190 196 254 120
511 188 713 241 Στοιεωιιεει
732 183 773 241 ε’.

132 340 189 399 ἴσα
220 333 311 399 ἐστὶν
340 333 462 400 ἐκεῖνα·
492 338 567 398 ἴσον
595 328 661 418 ἄρα
689 329 758 397 έστῖ
786 327 824 398 τὸ
848 336 919 397 ΒΗ
940 327 1153 417 παραλληλό·

132 463 287 523 γραμμον
319 440 365 528 τῷ
406 443 473 503 ΔΘ
509 433 854 528 παραλληλογράμμῳ.
909 439 968 502 καί
1003 439 1072 502 ἐστι
1108 433 1148 502 τὸ

132 541 193 628 μὲν
217 547 292 609 ΒΗ
307 539 345 610 τὸ
373 539 439 610 ὑπο
469 546 537 610 τών
561 548 696 626 ΑΒ,Ζ·
729 548 785 629 ἴση
812 539 877 629 γὰρ
901 538 922 627 ἡ
946 547 1020 608 ΑΗ
1042 544 1081 630 τῇ
1106 548 1152 608 Z·

130 646 169 716 τὸ
194 648 232 716 δὲ
255 655 322 715 ΛΘ
343 646 382 716 τό
405 646 472 716 ὑπὸ
496 651 563 717 τών
587 654 665 732 ΓΛ,
680 655 722 714 Ε·
747 655 802 733 ἴση
825 645 891 734 γὰρ
914 644 934 734 ἡ
959 654 991 713 Ε
1011 650 1051 734 τῇ
1071 653 1151 714 ΓΘ·

95 752 169 822 στό
203 752 270 843 ὀίρα
301 750 368 823 ὑπὸ
401 757 469 822 τών
502 760 568 821 AB
575 749 629 840 ,Z
660 751 898 841 περιεχόμενον
931 747 1150 840 ὀρθογώνιον

132 868 208 929 ἴσον
232 860 302 929 έστῖ
320 863 366 952 τῷ
385 857 452 927 ὑπὸ
470 862 538 927 τών
557 863 635 943 ΓΔ,
650 866 682 926 Ε
693 858 915 949 περιεχομένῳ
937 854 1151 950 ὀρθογωνίῳ.

196 964 294 1035 Ἀλλὰ
324 965 366 1052 ὀὴ
395 963 433 1033 τὸ
458 961 522 1032 ὀπί
547 967 615 1033 τών
638 972 761 1052 ΑΒ,Ζ
783 963 1021 1053 περιεχόμενον
1045 964 1152 1053 ὀρθο-
1211 1040 1215 1046 ⁴

90 1063 92 1068 ¹
131 1073 258 1161 γώνιον
287 1081 363 1140 ἴσον
392 1076 475 1139 έστω
503 1075 548 1164 τῳ
579 1068 645 1139 ὑπὸ
674 1073 743 1141 τών
770 1076 847 1157 ΓΔ,
862 1078 894 1138 Ε
923 1072 1152 1162 περιεχομένῳ

132 1178 348 1272 ὀρθογωνίῳ·
372 1180 472 1266 λέγω,
505 1176 556 1246 ὅτι
580 1180 618 1246 αί
638 1177 796 1264 τέσσαρες
818 1174 951 1246 εὐθεῖαι
975 1174 1151 1264 ἀνάλογον

51 1325 54 1328 ·
80 1299 114 1348 10
133 1291 279 1372 ἔσονται,
307 1283 352 1366 ὡς
378 1283 399 1372 ἡ
430 1291 496 1353 ΑΒ
523 1283 608 1373 πρὸς
634 1283 696 1370 τὴν
724 1289 802 1369 ΓΔ,
831 1282 939 1362 οὕτως
966 1279 987 1368 ἡ
1012 1290 1044 1350 Ε
1063 1281 1153 1372 πρὸς

130 1393 195 1479 τὴν
220 1399 255 1460 Ζ.
1126 1408 1131 1415 ’

202 1501 278 1565 Τών
306 1497 372 1585 γὰρ
401 1494 514 1564 αὐτῶν
541 1497 899 1582 κατασκευασθέντων,
924 1495 994 1564 ἐπεὶ
1016 1495 1054 1564 τὸ
1078 1493 1151 1565 ὑπὸ

59 1666 63 1673 .
131 1607 201 1670 τών
224 1610 348 1689 ΑΒ,Ζ
378 1611 454 1670 ἴσον
487 1603 555 1671 έστῖ
582 1606 627 1695 τῷ
655 1599 722 1670 ὑπὸ
746 1605 815 1671 τών
838 1607 916 1686 ΓΛ,
931 1609 971 1688 Ε,
999 1607 1058 1670 καί
1079 1605 1152 1671 ἐστι

132 1707 170 1776 τὸ
199 1708 260 1795 μὲν
292 1705 358 1776 ὑπὸ
392 1712 461 1777 τών
489 1715 618 1794 ΑΒ,Ζ
645 1707 683 1776 τὸ
713 1714 795 1776 ΒΗ·
828 1716 883 1794 ἴση
911 1707 976 1794 γιίρ
1007 1709 1098 1775 ἐστιν
1126 1705 1151 1794 ἡ

80 1827 113 1877 15
132 1821 206 1882 ΛΗ
230 1818 270 1903 τῇ
299 1822 339 1882 Ζ·
370 1813 408 1883 τὸ
439 1814 477 1882 δὲ
499 1811 565 1882 ὑπὸ
589 1817 658 1882 τών
681 1819 807 1899 ΓΔ,Ε
827 1812 865 1882 τὸ
890 1820 968 1880 ΛΘ·
1003 1821 1058 1901 ἴση
1081 1840 1152 1901 γαρ

132 1917 153 2006 ἡ
177 1927 241 1988 ΓΘ
262 1925 302 2011 τῇ
326 1930 368 1990 Ε·
391 1919 430 1990 τὸ
454 1919 521 2008 ὀίρα
539 1927 612 1988 ΒΗ
628 1929 704 1987 ἴσον
728 1921 797 1988 έστῖ
821 1923 866 2012 τῳ
888 1926 962 1986 ΔΘ.
981 1924 1041 1987 καί
1056 1922 1152 1989 ἐστιν

133 2025 303 2113 ίσογώνια.
352 2032 421 2095 τών
455 2027 493 2095 δέ
521 2035 605 2096 ἴσων
639 2027 695 2094 καῖ
726 2030 915 2112 ἰσογωνίων
938 2033 1150 2115 παραλληλο-

131 2132 295 2222 γριίμμων
315 2131 603 2202 ἀντιπεπόνθασιν
627 2136 665 2199 αί
685 2132 827 2221 πλευραὶ
846 2133 884 2197 αί
900 2131 976 2220 περῖ
995 2131 1056 2213 τὰς
1072 2141 1152 2214 ἴσας

132 2245 267 2327 γωνίας.
304 2245 394 2308 ἔστιν
417 2239 483 2328 ὀίρα
507 2237 552 2318 ώς
574 2236 595 2326 ἡ
619 2246 684 2306 ΑΒ
708 2236 793 2327 πρὸς
811 2236 874 2326 τὴν
893 2243 971 2323 ΓΛ,
996 2236 1151 2326 οὕτωςὴ

78 2358 113 2408 20
133 2351 193 2413 ΓΘ
221 2344 304 2435 πρὸς
330 2344 394 2434 τὴν
417 2353 497 2414 ΑΗ.
544 2353 599 2432 ἴση
633 2345 671 2414 δέ
698 2342 719 2432 ἡ
753 2343 815 2432 μέν
842 2350 904 2411 ΓΘ
932 2348 971 2433 τῇ
999 2352 1037 2432 Ε,
1064 2341 1085 2431 ἡ
1110 2343 1150 2413 δὲ

131 2458 208 2519 ΑΗ
225 2455 265 2542 τῇ
288 2459 329 2519 Ζ·
372 2456 464 2520 ἔστιν
488 2449 554 2539 ὀίρα
573 2448 618 2531 ώς
636 2448 657 2538 ἡ
676 2459 741 2520 ΑΒ
760 2448 845 2540 πρὸς
861 2448 924 2537 την
942 2456 1020 2537 ΓΔ,
1041 2451 1151 2532 οὕτως

131 2556 152 2646 ἡ
177 2567 209 2627 Ε
231 2556 314 2647 πρὸς
336 2556 400 2646 τὴν
424 2565 459 2626 Ζ.

195 2661 274 2731 Ἐὰν
308 2661 374 2752 ὀίρα
405 2663 562 2751 τέσσαρες
594 2660 726 2732 εὐθεῖαι
762 2660 932 2750 ἀνάλογον
969 2653 1071 2749 ώσιν,
1108 2659 1149 2730 τὸ

131 2767 197 2836 ὑπὸ
228 2771 297 2836 τών
325 2766 439 2857 ὀίιιρων
466 2768 703 2857 περιεχόμενον
732 2766 949 2858 ὀρθογώνιον
978 2775 1054 2836 ἴσον
1078 2766 1150 2836 έστῖ

78 2887 113 2938 25
132 2877 179 2967 τῷ
203 2870 269 2941 ὑπὸ
294 2878 361 2942 τών
385 2877 497 2963 μέσων
519 2877 741 2968 περιεχομένῳ
770 2874 986 2968 ὀρθογωνίῳ·
1015 2869 1080 2942 κᾶν
1108 2872 1148 2942 τό

131 2977 198 3049 ὑπὸ
228 2983 297 3050 τών
325 2980 439 3079 ὀίιιρων
462 2981 701 3071 περιεχόμενον
725 2980 941 3071 ὀρθογώνιον
965 2989 1041 3049 ἴσον
1059 2971 1081 3069 ᾗ
1101 2983 1149 3073 τῳ

131 3083 197 3155 ὑπὸ
222 3090 290 3156 τών
313 3087 426 3176 μέσων
449 3090 671 3181 περιεχομένῳ
696 3086 909 3181 ὀρθογωνίῳ,
933 3090 970 3155 αί
990 3087 1150 3174 τέσσαρες

132 3191 264 3260 εὐθεῖαι
287 3190 457 3280 ἀνάλογον
481 3197 628 3260 ἔσονται·
653 3193 733 3281 ὅπερ
758 3197 825 3260 ἔδει
849 3195 963 3274 δείξαι.

205 3445 231 3494 4.
252 3442 311 3508 ΓΔ,
326 3439 368 3511 Ε]
388 3456 445 3508 seq.
464 3435 666 3510 περιεχόμενον
686 3435 864 3509 ὀρθογώνιον
877 3439 911 3507 V,
929 3439 1043 3508 punctis
1062 3440 1149 3502 delet.

71 3508 213 3696 ΝΕ]
233 3525 302 3566 corr.
322 3526 356 3566 ex
376 3511 431 3564 ΓΘ
448 3527 485 3564 m.
505 3516 521 3565 2
542 3509 571 3565 V.
649 3512 721 3582 ΓΘ]
742 3527 810 3567 corr.
831 3527 864 3566 ex
883 3513 908 3564 E
927 3529 964 3565 m.
985 3511 1048 3566 εἴ.
1123 3518 1149 3568 6.
