2446 3938
358 197 635 249 mnunnronun
652 197 761 247 muns
778 198 851 250 vm.
1046 193 1113 258 295

101 343 133 406 in
162 341 274 407 eadem
297 341 423 405 ratione
448 342 533 404 sunt.
580 360 680 424 quare
703 339 802 402 etiam
825 345 870 422 A,
893 343 934 424 Γ,
958 344 1005 421 Δ,
1028 343 1057 403 Β
1081 343 1115 403 et

104 451 142 528 E,
159 452 208 531 M,
225 450 269 531 N,
289 452 316 511 Z
339 448 374 511 in
393 445 505 510 eadem
523 445 650 510 ratione
669 447 753 511 sunt·
784 466 898 508 uerum
915 451 956 528 A,
974 447 1068 530 Γ,Δ,
1084 449 1113 509 Β

103 552 251 636 deinceps
274 548 533 637 proportionales
553 551 637 613 sunt.
669 569 768 632 quare
787 549 886 612 etiam
900 551 939 630 E,
958 552 1005 634 M,
1022 553 1067 634 N,
1086 554 1114 614 Z

104 658 251 742 deinceps
279 655 541 741 proportionales
570 658 656 718 sunt.
702 674 778 739 ergo
807 658 888 738 quot
909 653 995 717 inter
1016 660 1061 737 A,
1085 659 1113 719 Β

103 764 276 828 seeundum
311 761 556 846 proportionem
593 759 780 825 continuam
817 759 1003 842 interpositi
1040 765 1115 824 sunt

102 870 240 953 numeri,
267 867 405 933 totidem
433 867 532 931 etiam
559 865 645 930 inter
667 871 709 950 E,
733 870 760 930 Z
784 866 959 931 secundum
982 886 1115 949 propor-

102 975 225 1039 tionem
248 973 439 1038 continuam
460 972 646 1055 interpositi
669 975 745 1036 sunt
767 972 906 1056 numeri,
935 971 1020 1056 quod
1044 976 1115 1035 erat

102 1079 395 1146 demonstrandum.

580 1201 636 1267 IX.

170 1325 203 1391 Si
233 1327 296 1392 duo
326 1327 453 1391 numeri
482 1326 569 1391 inter
596 1348 630 1391 se
658 1326 756 1410 primi
783 1330 858 1391 sunt
887 1328 919 1390 et
946 1327 1031 1391 inter
1058 1347 1113 1391 eos

102 1434 276 1499 seeundum
304 1435 550 1519 proportionem
574 1436 761 1498 continuam
782 1434 1034 1517 interponuntur
1055 1455 1114 1497 nu-

102 1541 184 1604 meri
212 1542 349 1624 aliquot,
377 1544 456 1625 quot
484 1539 649 1605 intereos
673 1541 845 1606 seeundum
869 1540 1114 1626 proportionem

102 1647 288 1710 continuam
313 1647 565 1731 interponuntur
587 1647 723 1725 numeri,
746 1645 882 1712 totidem
906 1649 1007 1712 etium
1029 1646 1114 1711 inter

103 1751 249 1833 singulos
283 1756 316 1816 et
348 1753 509 1815 unitatem
541 1751 714 1816 seeundum
743 1753 987 1835 proportionem
1015 1753 1115 1818 eonti-

102 1878 202 1920 nuam
225 1857 481 1940 interponentur.

170 1959 244 2026 Sint
267 1962 329 2027 duo
352 1963 478 2026 numeri
501 1961 587 2025 inter
610 1983 645 2025 se
668 1961 766 2045 primi
780 1968 821 2040 A,
835 1967 873 2045 Β,
896 1967 929 2026 et
951 1964 1114 2028 intereos

102 2068 279 2132 seeundum
311 2068 558 2151 proportionem
586 2067 773 2131 continuam
802 2066 1051 2150 interponantur
1078 2072 1116 2152 Γ,

103 2181 145 2258 Δ,
169 2178 202 2238 et
223 2179 364 2258 ponatur
386 2175 495 2239 unitas
519 2177 552 2238 E.
584 2173 666 2258 dieo,
689 2177 768 2258 quot
789 2173 876 2238 inter
894 2178 933 2252 A,
953 2177 980 2237 Β
1005 2194 1116 2237 seeun-

103 2280 180 2344 dum
212 2282 456 2365 proportionem
484 2281 670 2346 oontinuam
701 2281 949 2363 interponantur
980 2280 1115 2359 numeri,

101 2385 238 2450 totidem
261 2388 361 2452 etiam
379 2389 465 2452 inter
488 2387 635 2472 singulos
653 2393 694 2470 A,
713 2390 742 2450 B
765 2390 799 2450 et
820 2388 982 2452 unitatem
1006 2407 1117 2451 seoun·

103 2491 179 2555 dum
202 2494 447 2576 proportionem
470 2495 658 2559 continuam
680 2494 910 2578 interpositum
932 2495 982 2559 iri.

171 2604 341 2665 sumantur
370 2601 456 2664 enim
480 2601 543 2665 duo
567 2601 694 2665 numeri
717 2601 846 2666 minimi
868 2603 902 2665 in
925 2602 1052 2666 ratione
1075 2607 1116 2684 A,

103 2706 140 2787 Γ,
155 2709 198 2788 Δ,
212 2709 241 2768 Β
264 2728 472 2771 numerorum
487 2710 523 2790 Z,
537 2709 581 2789 H,
603 2709 669 2772 tres
693 2710 800 2771 autern
819 2711 856 2791 o,
870 2709 912 2790 Κ,
926 2710 958 2770 Λ
981 2709 1014 2770 et
1032 2728 1115 2770 sem-

104 2831 162 2891 per
185 2810 336 2895 deinceps
359 2834 425 2877 uno
448 2812 571 2897 plures,
599 2812 699 2878 donee
722 2813 782 2877 fiat
804 2811 979 2878 multitudo
1003 2833 1115 2877 eorum

104 2915 306 2981 multitudini
328 2940 536 2983 numerorum
556 2924 596 3001 A,
610 2921 646 3000 Γ,
661 2923 703 3002 A,
717 2923 745 2982 Β
770 2917 917 3004 aequalis
940 2921 1045 3002 [prop.
1058 2917 1115 2999 Il].

105 3025 275 3087 sumantur
304 3027 338 3089 et
368 3025 435 3088 sint
464 3028 516 3107 M,
546 3027 594 3107 N,
623 3023 663 3106 Ξ,
695 3027 731 3088 0.
776 3025 986 3090 manifestum
1016 3025 1116 3108 igitur

104 3202 1116 3212 ————--——-—-—-—--—·-——-——-—-—-—-—-——

103 3302 160 3337 -σιν
178 3278 298 3355 ἅριθμοὶ
317 3281 391 3358 ὅσοι]
410 3287 440 3340 in
458 3303 512 3341 ras.
530 3304 567 3342 m.
588 3293 602 3340 1
622 3286 653 3341 B.
719 3293 760 3342 12.
780 3283 954 3358 ἐμπίπτωσιν
967 3287 997 3342 Ρ.
1072 3293 1114 3344 14.

106 3355 228 3428 μεταξύ]
250 3353 315 3426 ἑξῆς
332 3353 439 3428 μεταξύ
453 3359 551 3414 Theon
564 3356 676 3428 (BVrp).
730 3364 772 3413 24.
791 3358 863 3429 τῶν]
884 3375 953 3412 corr.
969 3374 1003 3412 ex
1016 3355 1066 3413 τόν
1080 3358 1114 3414 V.
