2446 3938
148 209 214 272 124
524 206 725 260 Συοωεωιεα
744 198 786 257 ς’.

148 349 207 418 ἐάν
236 349 274 417 δὲ
301 348 339 417 τὸ
369 346 436 417 ύιτδ
463 353 532 417 τών
561 345 675 437 άιιρων
704 355 780 416 ίσον
802 338 825 436 ᾖ
848 346 893 436 τῳ
916 342 982 412 ὐπὸ
1011 348 1080 412 τών
1110 345 1165 432 μί·

148 474 234 542 σων,
258 457 295 522 αί
315 455 471 544 τέσσαρες
493 452 625 522 εὐθεῖαι
648 451 819 540 άνάλογόν
843 456 937 520 είσιν.
975 455 1067 519 ἔστιν
1097 449 1165 540 άρα

149 559 194 641 ώς
221 557 241 648 ἡ
266 570 298 628 Α
320 559 404 652 πρὸς
429 559 492 648 τὴν
516 568 556 647 Β,
585 557 692 639 οὐτως
719 557 739 647 ἡ
764 568 798 626 Δ
825 556 909 648 πρὸς
935 557 998 646 τὴν
1027 563 1064 625 Γ.
1107 565 1164 645 ίση

149 669 186 736 δὲ
209 666 229 756 ἡ
254 677 282 737 Β
305 672 346 758 τῇ
370 676 416 736 Δ·
440 664 485 747 ώς
508 664 574 755 άρα
597 662 617 753 ἡ
641 674 674 733 Α
698 663 781 752 πρὸς
803 663 865 752 τὴν
889 672 934 751 Β,
958 662 1065 744 οὕτως
1087 661 1110 751 ἡ
1134 670 1164 732 Β

113 772 232 863 διερὸς
256 772 318 861 τὴν
340 779 377 842 Γ.

212 878 291 948 Ἐάν
324 878 390 967 άρα
417 891 505 965 τρεῖς
533 875 665 945 εὐθεῖαι
695 875 867 965 άνάῖογον
895 869 995 963 ώσιν,
1026 875 1065 945 τὸ
1095 874 1162 946 ὐττδ

147 991 215 1055 τών
248 985 362 1074 άιιρων
394 983 631 1073 περιεχόμενον
665 981 879 1074 ὀρθογώνιον
913 992 989 1052 ίσον
1022 985 1094 1052 ἐστὶ
1116 987 1163 1078 τῷ

148 1091 214 1160 άτιὸ
243 1096 302 1178 τῆς
328 1091 429 1177 μέσης
456 1088 667 1181 τετραγώνῳ·
699 1085 764 1157 κᾶν
790 1088 828 1158 τὸ
856 1086 922 1157 ὑπὸ
951 1092 1019 1158 τών
1048 1089 1164 1180 ἄκρων

148 1198 386 1288 περιεχόμενον
414 1193 629 1284 ὀρθογώνιον
657 1204 733 1264 ἴσον
761 1187 783 1284 ᾖ
811 1199 857 1288 τῷ
885 1194 950 1264 άτιὸ
974 1200 1033 1284 τῆς
1061 1197 1165 1286 με’σης

97 1324 130 1373 10
148 1303 363 1395 τετραγώνῳ,
387 1305 425 1370 αί
445 1315 532 1387 τρεῖς
555 1300 687 1370 εὐθεῖαι
710 1300 882 1388 άνάλογον
905 1307 1051 1370 ἔσονται·
1080 1302 1164 1391 ὅπερ

150 1414 217 1477 ἔδει
242 1411 355 1488 δεῖξαι.

627 1532 684 1618 ιη’.

213 1651 300 1722 Ἀιιὸ
346 1658 413 1742 τῆς
459 1659 651 1742 δοθείσης
697 1653 859 1737 εὐθείας
899 1661 949 1749 τῷ
997 1659 1165 1727 δοθέντι

149 1746 420 1853 εὐθυγράμμῳ
454 1760 596 1848 ὅμοιόν
627 1787 666 1830 τε
697 1763 762 1830 καὶ
795 1760 941 1849 ὁμοίως
976 1769 1165 1850 κείμενον

97 1884 130 1934 15
150 1865 441 1956 εὐθύγραμμον
465 1866 704 1955 άναγράηαι.

207 1970 315 2041 Ἔστω
339 1971 360 2061 ἡ
384 1974 446 2062 μὲν
470 1979 612 2044 δοθεῖσα
635 1972 754 2042 εὐθεῖα
776 1972 800 2062 η’
821 1982 887 2043 ΑΒ
894 2025 903 2060 ,
930 1973 968 2044 τὸ
993 1975 1031 2044 δὲ
1054 1977 1165 2046 δοθὲν

149 2077 392 2170 εὐθύγραμμον
424 2079 462 2151 τὸ
492 2088 567 2150 ΓΕ·
601 2086 655 2150 δεῖ
680 2079 722 2168 δὴ
750 2079 816 2150 άττδ
844 2085 904 2168 της
931 2088 997 2149 ΑΒ
1027 2081 1166 2166 εὐθείας

148 2190 193 2278 τῷ
217 2192 284 2255 ΓΕ
305 2185 535 2278 εὐθυγράμμῳ
564 2185 685 2274 ὅμοιόν
712 2213 746 2254 τε
773 2187 829 2255 καὶ
858 2184 981 2274 ὁμοίως
1007 2194 1165 2276 κείμενον

149 2290 392 2381 εὐθύγραμμον
416 2290 619 2381 άναγράιγαι.

96 2423 131 2472 20
214 2398 420 2487 Ἐπεζεύχθω
450 2396 472 2485 ἡ
502 2406 584 2483 ΔΖ,
616 2399 672 2466 καὶ
700 2400 889 2469 συνεστάτω
919 2398 1012 2488 τιρδς>
1028 2405 1068 2489 τῇ
1096 2410 1165 2471 ΑΒ

149 2503 268 2596 εὐθείᾳ
299 2506 355 2573 καὶ
386 2518 458 2584 τοῖς
488 2503 573 2592 πρὸς
603 2503 687 2593 αὐτῇ
719 2512 866 2592 σημείοις
902 2518 973 2585 τοῖς
1000 2515 1090 2593 Α,Β
1123 2512 1165 2598 τῇ

149 2611 210 2699 μὲν
239 2608 323 2699 πρὸς
355 2613 402 2698 τῷ
420 2615 453 2677 Γ
470 2616 577 2699 γωνίᾳ
606 2618 661 2696 ίση
684 2608 705 2696 ἡ
729 2608 795 2680 ύτιὸ
818 2619 940 2696 ΗΑΒ,
970 2615 1010 2700 τῇ
1033 2613 1072 2682 δὲ
1093 2613 1162 2684 ὐπὸ

149 2725 250 2785 ΓΔΖ
274 2726 329 2802 ίση
353 2714 373 2804 ἡ
397 2714 465 2784 ὑπὸ
488 2724 602 2784 ΑΒΗ.
648 2716 747 2804 λοιπὴ
771 2716 880 2807 άραὴ
908 2716 975 2788 ὑπὸ
999 2719 1163 2809 ΓΖΔτῇ

148 2819 215 2890 ὑπὸ
243 2828 349 2889 ΑΗΒ
379 2824 469 2890 ἐστιν
498 2831 566 2909 ίση·
600 2822 781 2910 ἰσογώνιον
810 2821 875 2912 άρα
903 2826 972 2894 ἐστὶ
1000 2826 1038 2896 τὸ
1063 2833 1165 2897 ΖΓΔ

96 2949 132 2998 25
150 2934 318 3016 τρίγωνον
350 2931 396 3022 τῷ
427 2936 534 2997 ΗΑΒ
565 2930 746 3022 τριγώνῳ
778 2927 949 3018 άνάλογον
978 2931 1043 3021 άρα
1071 2934 1163 3003 ἐστὶν

149 3031 194 3115 ώς
216 3031 237 3121 ἡ
263 3041 330 3102 ΖΛ
352 3033 436 3124 πρὸς
458 3033 520 3122 τὴν
539 3042 619 3120 ΗΒ,
644 3036 751 3116 ούτως
769 3033 790 3122 ἡ
809 3043 874 3104 ΖΓ
892 3037 978 3126 τιρὸς
999 3037 1062 3125 τὴν
1079 3046 1163 3127 ΗΑ,

147 3141 203 3208 καί
234 3137 254 3227 ἡ
288 3146 357 3208 ΓΔ
390 3139 474 3228 πρὸς
510 3142 572 3227 τὴν
600 3148 673 3209 ΑΒ.
724 3141 825 3209 πάλιν
858 3142 1047 3239 συνεστάτω
1080 3144 1165 3235 πρὸς
1192 3226 1205 3243 .

147 3249 186 3333 τῇ
219 3252 292 3312 ΒΗ
315 3244 435 3336 εὐθείᾳ
464 3247 613 3326 καὶτοῖς
635 3245 718 3333 πρὸς
741 3244 825 3334 αὐτῇ
854 3256 1003 3337 σημείοις
1029 3264 1099 3332 τοῖς
1123 3259 1164 3339 Β,

220 3465 245 3513 6.
265 3450 453 3530 ώσιρΡΒδῙμ.
537 3463 560 3513 7.
582 3453 657 3512 ἐστίν
675 3459 705 3513 Ρ.
788 3464 812 3513 8,
832 3457 941 3515 κάν-
962 3472 1007 3521 10:
1037 3463 1151 3523 ἔσονται

67 3543 203 3708 Nom.
222 3546 261 3599 ·p.
298 3527 376 3602 Εῖ.
402 3521 436 3600 ᾖ]
462 3523 524 3583 ἐστί
544 3545 632 3598 comp.
652 3530 686 3599 F,
712 3547 796 3600 supra
815 3548 866 3586 scr.
885 3525 911 3603 η’.
986 3541 1027 3592 18.
1047 3532 1153 3610 ὁμοίως
