2446 3938
111 280 176 346 352
485 273 750 333 Στοῐαειοαα.

110 422 270 507 πάντες,
298 419 316 490 6
341 422 384 490 δὲ
406 424 579 507 ἕβδομος
601 419 723 505 κύβος
744 420 823 507 ἅμα
844 420 909 488 καὶ
932 420 1137 509 τετράγω-
1215 451 1216 456 ’

111 556 184 607 νος
206 530 270 596 καὶ
294 531 333 596 οί
354 530 468 596 πέντε
491 531 776 605 διαλείποντες.

170 634 345 703 Ἔστωσαν
382 631 448 701 άπὸ
485 633 633 719 μονάδος
665 628 850 700 ὁποσοιοῦν
882 629 1029 721 ἀριθμοὶ
1062 636 1139 722 ἑξῆς

113 739 285 827 άνάλογον
314 744 349 808 οἱ
374 750 424 825 Α,
447 747 491 823 Β,
514 744 556 821 Γ,
581 746 629 823 Δ,
648 745 694 823 Ε,
714 744 754 804 Ζ·
792 739 894 824 λέγω,
922 738 975 806 δ’τι
1014 737 1034 809 6
1072 741 1137 827 μὲν

82 854 227 935 στρίτος
264 844 329 915 άπὸ
362 850 421 931 τῆς
452 844 602 932 μονάδος
633 841 651 912 6
680 851 709 911 Β
740 844 949 934 τετράγωνός
979 847 1053 913 ἐστι
1080 848 1140 915 καί

116 958 151 1021 οί
176 955 237 1021 ἕνα
265 957 490 1031 διαλείποντες
512 950 648 1035 πάντες,
679 947 698 1018 6
723 950 761 1018 δὲ
788 952 942 1041 τέταρτος
970 949 989 1019 6
1020 959 1056 1020 Γ
1078 952 1140 1021 κά-

116 1065 176 1145 βος
202 1059 258 1125 καὶ
286 1062 321 1125 οἱ
342 1057 406 1125 δύο
439 1062 665 1135 διαλείποντες
696 1058 834 1143 πάντες,
866 1052 886 1124 6
919 1055 957 1123 δέ
989 1058 1141 1145 ἕβδομος

118 1163 136 1232 6
160 1173 188 1231 Ζ
215 1164 317 1250 κύβος
340 1162 408 1250 ἅμα
430 1163 486 1229 καὶ
512 1164 720 1249 τετράγωνος
743 1163 799 1230 καὶ
827 1165 863 1230 οί
882 1163 980 1231 πέντε
1009 1168 1139 1233 διαλεί-

121 1296 240 1350 ποντες
261 1271 391 1351 πάντες.

64 1395 96 1443 10
181 1376 270 1444 Ἐπεὶ
292 1379 357 1462 γάρ
382 1380 471 1444 ἐστιν
495 1374 541 1454 ὡς
563 1373 584 1461 ἡ
608 1379 714 1461 μονὰς
735 1373 819 1463 πρὸς
841 1373 902 1443 τὸν
920 1384 963 1461 Α,
987 1374 1103 1456 οὕτως
1122 1376 1141 1447 6

118 1493 151 1551 Α
179 1481 262 1569 πρὸς
289 1481 349 1550 τὸν
372 1490 417 1567 Β,
446 1481 554 1560 ἰσάκις
581 1480 646 1567 άρα
669 1478 690 1567 ἡ
715 1481 821 1567 μονὰς
842 1484 903 1549 τὸν
926 1490 959 1548 Α
982 1479 1141 1571 άριθμδν

118 1602 232 1676 μετρεῖ
256 1589 311 1654 καὶ
340 1585 358 1654 6
382 1596 414 1654 A
441 1613 501 1654 τον
524 1595 563 1655 Β.
607 1585 628 1673 ἡ
658 1587 696 1655 δέ
718 1586 822 1674 μονὰς
844 1591 905 1656 τὸν
928 1597 961 1655 A
984 1586 1142 1677 ἀριθμὸν

121 1708 234 1782 μετρεῖ
254 1691 336 1761 κατὰ
359 1692 417 1772 τὰς
440 1696 477 1761 έν
500 1691 590 1785 αὐτῷ
615 1693 778 1779 μονάδας·
815 1695 871 1762 καὶ
894 1691 912 1762 6
932 1704 965 1763 A
989 1693 1060 1783 άρα
1078 1696 1143 1767 τὸν

121 1807 149 1866 Β
173 1814 285 1886 μετρεῖ
304 1799 386 1867 κατὰ
410 1798 468 1878 τὰς
491 1802 528 1867 έν
550 1804 596 1891 τῷ
621 1811 652 1867 Α
675 1800 834 1888 μονάδας.
872 1797 890 1869 6
914 1810 946 1868 A
970 1798 1040 1889 ἄρα
1064 1805 1143 1873 ἑαυ-

68 1920 102 1971 15
120 1904 181 1973 τὸν
217 1906 509 1986 πολλαπλασιάσας
543 1906 603 1974 τὸν
635 1915 664 1974 Β
695 1915 888 1994 πεποίηκεν·
924 1909 1143 1996 τετράγωνος
1191 1960 1196 1969 -

120 2012 186 2100 άρα
215 2013 305 2080 ἐστὶν
328 2010 346 2081 6
372 2021 409 2080 Β.
454 2013 510 2079 καὶ
533 2014 603 2081 ἐπεὶ
626 2017 662 2081 οί
682 2021 722 2099 Β,
746 2020 784 2101 Γ,
810 2023 844 2081 Δ
866 2015 940 2100 ἑξῆς
963 2011 1144 2102 άνάλογάν

119 2124 222 2203 είσιν,
246 2117 261 2187 ‹‘
290 2120 327 2187 δέ
350 2128 378 2187 Β
401 2118 609 2206 τετράγωνός
632 2122 733 2206 ἐστιν,
756 2120 813 2187 καὶ
836 2118 855 2189 6
878 2128 912 2188 A
935 2119 1001 2206 άρα
1025 2125 1144 2210 τετρά-

122 2226 231 2312 γωνός
261 2229 360 2294 ἐστιν.
406 2228 462 2293 διὰ
492 2223 532 2292 τά
562 2221 646 2293 αὐτὰ
675 2230 717 2311 δη
745 2226 801 2293 καὶ
830 2223 848 2294 6
873 2234 901 2293 Ζ
928 2228 1146 2314 τετράγωνός

127 2335 225 2400 ἐστιν.
263 2329 386 2417 ὁμοίως
405 2328 447 2418 δὴ
467 2334 631 2418 δείξομεν,
646 2329 698 2398 ὅτι
711 2332 767 2399 καὶ
782 2335 818 2400 οί
830 2334 889 2400 ἕνα
909 2338 1145 2417 διαλείποντες

76 2461 110 2510 20
130 2437 250 2517 πάντες
270 2436 477 2524 τετράγωνοί
492 2441 587 2504 είσιν.
624 2437 709 2522 λέγω
729 2436 783 2524 δή,
805 2438 856 2506 ὅτι
873 2439 930 2506 καὶ
949 2436 1146 2528 ὁτίταρτος
1222 2435 1223 2502 s

119 2541 186 2612 άπὸ
215 2548 274 2629 τῆς
301 2541 448 2628 μονάδος
478 2541 496 2608 6
521 2548 553 2609 Γ
571 2542 674 2629 κύβος
698 2544 767 2611 ἐστὶ
789 2544 845 2611 καὶ
869 2548 904 2612 οί
926 2544 989 2612 δύο
1015 2550 1147 2617 διαλεί-

122 2674 240 2729 ποντες
263 2648 393 2728 πάντες.
435 2648 504 2717 ἐπεὶ
527 2650 592 2735 γάρ
616 2652 706 2716 ἐστιν
730 2646 776 2728 ὥς
797 2646 818 2736 ἡ
842 2649 949 2737 μονάς
971 2649 1059 2736 πρὸς
1079 2654 1146 2724 τὸν

120 2766 169 2842 Α,
198 2756 304 2843 οὕτῳς
332 2752 350 2822 6
375 2763 403 2822 Β
427 2753 511 2843 πρὸς
532 2754 593 2822 τὸν
617 2760 655 2839 Γ,
684 2754 792 2835 ίσάκις
815 2754 881 2842 ἄρα
902 2753 923 2842 ἡ
948 2756 1056 2842 μονὰς
1079 2759 1145 2828 τὸν

121 2871 153 2928 A
176 2846 327 2949 ἀριθμὸν
350 2874 462 2949 μετρεῖ
481 2860 537 2927 καὶ
562 2856 579 2927 6
604 2868 632 2927 Β
656 2858 716 2927 τὸν
734 2866 770 2928 Γ.
801 2858 881 2947 ἡδὲ
899 2861 1005 2947 μονάς
1024 2862 1090 2932 τὸν
1111 2876 1146 2935 A

70 2988 105 3039 αῖ
124 2964 273 3055 άριθμὸν
296 2981 409 3055 μετρεῖ
428 2966 511 3034 κατὰ
535 2965 593 3046 τὰς
617 2969 653 3034 ἐν
676 2971 722 3057 τῷ
743 2976 775 3034 A
797 2967 960 3054 μονάδας·
993 2970 1051 3037 καὶ
1072 2968 1092 3039 6
1114 2981 1145 3042 Β

196 3189 219 3237 1.
238 3177 354 3249 πάντες]
384 3196 439 3234 om.
467 3178 556 3247 Bch.
648 3187 673 3234 2.
698 3181 893 3242 διαλείποντες
915 3177 1021 3242 πάντες
1046 3180 1146 3254 Βνφ,

123 3259 148 3306 4.
169 3247 225 3323 ὅτι]
245 3270 298 3307 om.
318 3251 379 3319 Vq).
441 3257 465 3305 6,
484 3246 601 3321 πάντες]
622 3268 676 3305 om.
696 3250 786 3319 Bvqu.
860 3258 884 3305 7.
903 3248 1019 3322 πάντες]
1036 3269 1095 3308 om.
1113 3277 1147 3325 φ,

124 3320 301 3385 9.·ἅπαντες
323 3323 383 3389 th.
477 3327 518 3374 12.
543 3318 680 3393 άριδμόν]
707 3339 760 3376 om.
785 3321 875 3390 Βίῳ.
968 3328 1008 3377 14.
1034 3324 1074 3396 τῷ
1102 3328 1147 3400 Α]

123 3389 200 3466 αὐτῷ
225 3414 254 3461 φ.
346 3398 388 3448 15.
412 3394 548 3460 πεποίηκε
574 3393 598 3446 V
627 3396 656 3447 et
681 3412 726 3446 -κε
755 3392 784 3446 in
811 3409 864 3446 ras.
889 3413 919 3461 φ.
1012 3399 1055 3448 1ῖ.
1082 3391 1149 3453 ἐστι

123 3462 212 3530 ΡῩφ.
295 3471 336 3520 18.
357 3460 415 3518 ἐστι
432 3463 466 3517 V.
552 3459 601 3517 διδι
620 3459 655 3518 τά
672 3496 704 3503 -
720 3470 767 3517 19:
795 3460 882 3534 ἐστιν]
902 3481 955 3519 om.
976 3483 1005 3531 φ.
1097 3474 1148 3527 20,

123 3529 245 3618 πάντες]
271 3551 323 3589 om.
351 3535 438 3603 BVQ.
478 3532 531 3588 εἰσι
549 3534 611 3602 ch.
698 3540 741 3589 21.
766 3529 840 3588 ἐστίν
859 3535 890 3591 Ρ.
977 3539 1019 3590 26.
1040 3538 1080 3608 τῷ
1102 3542 1148 3614 A]

125 3623 203 3676 αντςο
224 3625 254 3672 φ.
