2446 3938
368 180 643 255 commmonuu
660 204 771 254 urana
788 204 848 258 vn.
1050 201 1116 266 253

104 365 258 411 numerus
274 345 391 429 aliquis
407 367 482 410 eum
494 346 656 410 metietur.
678 345 741 410 hac
754 345 856 430 igitur
868 345 1117 412 ratiocinatione

91 451 294 535 procedente
330 451 514 516 inuenietur
550 449 690 535 primus¹
708 451 824 535 aliquis
855 473 1024 536 numerus,
1060 436 1116 539 qui

101 555 289 644 metietur.¹)
334 580 411 623 nam
446 558 474 623 ei
506 556 571 622 rion
604 557 800 640 inuenietur,
836 557 957 622 infiniti
987 561 1117 625 numeri

100 684 272 727 numerum
295 668 328 728 A
354 663 541 748 metientur,
570 663 653 727 alter
681 683 808 744 semper
836 663 938 728 altero
966 662 1116 748 deinceps

102 768 259 853 minores3
292 768 376 852 quod
408 769 443 833 in
475 768 619 833 numeris
652 768 722 832 fieri
749 789 816 832 non
843 771 961 852 potest
1007 769 1116 854 itaque

102 874 287 939 inuenietur
309 875 434 959 primus
458 875 576 958 aliquis
594 896 748 940 numerus
766 874 913 958 proxime
928 875 1117 957 anteceden-

103 984 170 1046 tem
193 981 344 1066 metiene,
368 982 423 1065 qui
447 981 545 1045 etia'm
568 1003 739 1046 numerum
762 986 795 1044 A
816 981 978 1044 metiatur.

167 1086 257 1172 Ergo
273 1088 419 1172 quemuis
437 1109 608 1151 numerum
629 1086 844 1169 compositum
858 1086 982 1169 pri-mus
997 1088 1114 1173 aliquis

102 1215 256 1258 uumerus
280 1195 426 1278 metitum
452 1194 538 1277 quod
561 1198 632 1258 erat
655 1193 955 1258 demonstrandum.

538 1386 675 1452 XXXII.

168 1494 281 1572 Quiuie
308 1517 461 1561 numerus
490 1499 547 1560 aut
574 1494 697 1578 primus
726 1497 789 1578 eet,
821 1497 879 1559 aut
904 1495 1029 1578 primus
1058 1517 1116 1560 nu-

102 1623 211 1665 merus
234 1623 308 1666 eum
331 1601 473 1665 metitur.

220 1704 269 1769 Sit
290 1727 442 1770 numerus
466 1711 506 1769 A.
547 1704 629 1788 dico,
651 1726 820 1771 numerum
839 1711 872 1769 A
892 1713 949 1774 aut
971 1707 1112 1793 primum

156 1831 227 1874 esse
251 1814 308 1874 aut
330 1810 471 1894 primum
495 1810 636 1893 aliquem
658 1832 829 1875 numerum
853 1834 926 1877 eum
949 1814 1066 1878 metiri.

118 1908 141 1956 A
222 1914 287 1978 iam
316 1916 345 1979 ei
372 1915 496 2005 primus
525 1918 574 1978 est
596 1921 641 1998 A,
668 1915 790 1979 factum
815 1917 890 2001 erit,
918 1919 1004 2002 quod
1036 1919 1116 1983 iussi

155 2042 279 2104 sumus3
316 2021 367 2085 ein
399 2021 612 2104 compositae,
647 2021 771 2104 primus
805 2021 923 2105 aliquis
960 2045 1115 2088 uumerus

100 2109 119 2118 ”
155 2150 229 2192 eum
252 2128 405 2193 metietur
429 2127 532 2212 [prop.
551 2125 684 2208 mn.

166 2233 256 2319 Ergo
285 2234 391 2318 quiuis
420 2253 574 2300 numerus
598 2237 654 2298 aut
676 2233 800 2317 primus
824 2236 886 2316 cst,
915 2235 971 2296 aut
993 2232 1117 2316 primus

102 2361 256 2405 uumerus
280 2362 352 2405 eum
375 2341 520 2426 metitum
543 2340 629 2424 quod
653 2343 723 2404 erat
745 2337 1050 2417 demonstrandum„

530 2532 683 2599 XXXIII.

168 2657 263 2723 Datis
287 2658 448 2743 quotlibet
470 2657 613 2722 numeria
637 2657 790 2724 minimos
814 2679 939 2741 eorum,
963 2657 1018 2742 qui
1041 2677 1114 2720 ean-

103 2763 176 2827 dem
198 2764 358 2828 rationem
381 2763 518 2848 habent,
541 2762 698 2828 inuenire.

171 2866 250 2931 Dati
273 2869 340 2932 sint
363 2869 524 2953 quotlibet
546 2869 673 2933 numeri
695 2873 740 2954 A,
759 2872 802 2951 B,
821 2871 857 2934 Γ.
903 2872 1032 2955 oportet
1054 2869 1116 2954 igi-

101 2978 157 3038 tur
188 2972 340 3038 minimos
369 2995 481 3039 eorum
513 2974 674 3058 inuenire,
706 2974 761 3058 qui
789 2975 923 3039 eandem
955 2975 1116 3040 rationem

101 3079 244 3145 habeant
267 3099 305 3144 ac
328 3085 373 3163 A,
391 3082 434 3164 B,
453 3081 490 3145 Γ.
525 3159 528 3165 ⁷

167 3191 212 3264 A,
232 3189 260 3250 Β
267 3233 277 3269 ,
294 3187 326 3249 Γ
357 3186 443 3252 enim
476 3187 533 3251 aut
564 3186 649 3251 inter
676 3207 711 3250 ee
736 3185 834 3270 primi
863 3189 939 3250 sunt
966 3188 1118 3250 autnon

173 3381 199 3444 1)
218 3376 262 3433 Sc.
285 3395 431 3433 numerum
455 3377 671 3448 praecedentem
690 3378 720 3431 et
741 3392 776 3431 ea
798 3376 833 3431 de
857 3392 943 3431 cauea
969 3394 1116 3433 numerum

100 3448 201 3515 A(cfr.
219 3447 268 3503 liu.
289 3450 325 3518 4).
362 3453 392 3504 et
409 3451 492 3518 puto,
519 3449 590 3502 haec
609 3448 700 3503 andiu
722 3465 812 3518 posse.
850 3447 905 3501 etei
927 3446 989 3501 fieri
1011 3450 1115 3518 potest,

101 3520 134 3572 ut
148 3518 220 3573 haee
237 3520 325 3574 uerba
343 3520 408 3576 inP
427 3537 504 3576 mero
524 3536 616 3576 errore
634 3519 671 3575 ob
685 3514 899 3590 ipotoze'lavtcv
913 3519 1073 3574 exciderint
