2446 3938
146 196 211 260 144
522 195 723 249 ΣΤΟΙΧΕΙΩΝ
742 188 783 249 ς’.

145 336 165 424 ἡ
199 346 261 406 ΕΖ
293 338 377 425 πρὸς
413 337 475 424 τὴν
508 345 588 423 ΠΡ,
626 337 681 404 καὶ
719 333 968 422 ἀναγέγραπται
1000 333 1066 404 ἀπὸ
1101 335 1165 423 μὲν

145 448 214 513 τῶν
233 452 314 529 ΑΒ,
330 450 392 512 ΓΔ
412 442 511 530 ὅμοιά
534 469 569 510 τε
591 442 647 509 καὶ
671 439 796 528 ὁμοίως
818 448 953 528 κείμενα
980 441 1021 509 τὰ
1046 448 1164 528 ΚΑΒ,

147 555 257 637 ΑΓΔ,
281 546 347 618 ἀπὸ
373 549 410 618 δὲ
432 554 502 618 τῶν
526 556 599 633 ΕΖ,
614 555 684 616 ΠΡ
703 546 804 634 ὅμοιαί
827 574 862 616 τε
880 548 935 615 καὶ
955 545 1079 634 ὁμοίως
1098 554 1165 616 κεί-

148 682 232 743 μενα
259 655 299 723 τὰ
328 663 509 742 ΜΖ,ΣΡ,
539 661 629 723 ἔστιν
658 653 725 741 ἄρα
754 651 799 735 ὡς
827 653 864 722 τὸ
891 661 994 722 ΚΑΒ
1018 653 1101 742 πρὸς
1126 654 1163 723 τὸ

113 769 262 848 fiam,
287 759 394 842 οὕτως
415 760 453 829 τὸ
478 768 550 828 ΜΖ
573 758 658 848 πρὸς
679 759 717 828 τὸ
740 767 812 831 ΣΡ.
857 757 1029 828 ὑπόκειται
1053 760 1091 829 δὲ
1109 761 1165 828 καὶ

146 867 192 950 ὡς
213 867 251 937 τὸ
276 874 379 936 ΚΑΒ
401 866 484 955 πρὸς
506 866 544 935 τὸ
571 873 688 953 ΛΓΔ,
718 865 825 947 οὕτως
852 865 889 935 τὸ
914 874 987 935 ΜΖ
1014 864 1099 953 πρὸς
1125 866 1164 935 τὸ

147 982 227 1042 ΝΘ·
250 974 306 1041 καὶ
330 971 375 1054 ὡς
398 971 524 1061 ἄρατὸ
549 981 621 1040 ΜΖ
644 974 727 1061 πρὸς
748 971 786 1040 τὸ
811 979 885 1058 ΣΡ,
909 971 1072 1053 οὕτωςτὸ
1092 979 1165 1041 ΜΖ

146 1080 230 1168 πρὸς
256 1079 293 1149 τὸ
318 1087 394 1148 ΝΘ.
440 1077 477 1148 τὸ
502 1086 573 1146 ΜΖ
601 1077 668 1166 ἅμα
695 1077 779 1167 πρὸς
806 1078 963 1165 ἑκάτερον
989 1081 1059 1147 τῶν
1086 1085 1166 1163 ΝΘ,

148 1195 215 1254 ΣΡ
233 1186 294 1255 τὸν
318 1185 423 1255 αὐτὸν
447 1191 513 1274 ἔχει
536 1184 652 1272 λόγον·
684 1195 760 1254 ἴσον
783 1183 850 1273 ἅμα
874 1186 942 1254 ἐστὶ
964 1183 1002 1253 τὸ
1027 1191 1097 1252 ΝΘ
1119 1188 1165 1277 τῷ

97 1313 130 1362 10
150 1300 221 1361 ΣΡ.
270 1298 339 1361 ἔστι
363 1293 401 1360 δὲ
431 1290 600 1383 αὐτῷκαὶ
624 1289 744 1378 ὅμοιον
771 1291 827 1359 καὶ
851 1288 975 1378 ὁμοίως
997 1296 1166 1378 κείμενον·

149 1407 203 1486 ἴση
237 1397 303 1487 ἄρα
335 1397 356 1485 ἡ
383 1404 451 1465 ΗΘ
478 1401 517 1486 τῇ
546 1405 619 1465 ΠΡ.
668 1397 723 1464 καὶ
752 1400 825 1466 ἐπεί
855 1400 945 1466 ἐστιν
972 1394 1018 1478 ὡς
1051 1394 1071 1484 ἡ
1099 1403 1166 1464 ΑΒ

148 1505 232 1591 πρὸς
254 1503 316 1590 τὴν
340 1509 421 1590 ΓΔ,
446 1501 552 1583 οὕτως
575 1501 595 1590 ἡ
621 1510 682 1570 ΒΖ
706 1503 791 1589 πρὸς
812 1502 875 1591 τὴν
898 1511 979 1590 ΠΡ,
1003 1512 1058 1590 ἴση
1083 1500 1166 1589 (M

149 1618 219 1678 ΠΡ
236 1613 277 1699 τῇ
300 1617 383 1696 ΗΘ,
408 1615 498 1678 ἔστιν
522 1608 587 1698 ἄρα
611 1607 655 1690 ὡς
677 1608 699 1696 ἡ
723 1617 789 1677 ΑΒ
812 1609 896 1700 πρὸς
917 1609 980 1698 τὴν
1004 1616 1085 1696 ΓΛ,
1110 1607 1168 1678 οὕ-

148 1743 212 1797 τως
235 1714 256 1803 ἡ
280 1724 344 1784 ΕΖ
368 1715 451 1805 πρὸς
472 1713 535 1802 τὴν
559 1722 635 1784 ΗΘ.

98 1841 130 1890 15
214 1820 293 1890 Ἐὰν
326 1820 391 1911 ἄρα
422 1823 578 1908 τέσσαρες
611 1819 743 1890 εὐθεῖαι
775 1821 946 1908 ἀνάλογον
979 1813 1078 1908 ὦσιν,
1111 1823 1168 1890 καὶ

150 1927 190 1996 τὰ
214 1926 269 1996 ἀπ’
296 1926 411 1998 αὐτῶν
434 1927 658 2016 εὐθύγραμμα
681 1926 781 2014 ὅμοιά
805 1929 918 1996 τεκαὶ
942 1925 1066 2015 ὁμοίως
1085 1926 1169 1996 ἄνα-

150 2037 361 2123 γεγραμμένα
389 2035 559 2123 ἀνάλογον
588 2041 692 2103 ἔσται·
724 2031 789 2102 κᾶν
817 2033 857 2103 τὰ
886 2033 942 2102 ἀπ’
972 2033 1086 2104 αὐτῶν
1115 2032 1170 2104 εὐ-

149 2141 334 2229 θύγραμμα
362 2141 462 2230 ὅμοιά
488 2169 524 2210 τε
551 2142 606 2210 καὶ
637 2138 762 2228 ὁμοίως
784 2138 1063 2229 ἀναγεγραμμένα
1085 2139 1170 2210 ἄνᾶ-

151 2254 254 2334 λογον
286 2241 323 2337 ᾖ,
359 2249 416 2316 καλ
448 2244 546 2315 αὐταὶ
579 2250 616 2313 αλ
646 2245 778 2314 εὐθεῖαι
810 2243 983 2333 ἀνάλογον
1019 2252 1170 2315 ἔσονται·
1209 2248 1213 2255 ’

97 2371 132 2422 20
151 2351 231 2443 ὅπερ
255 2359 323 2423 ἔδει
347 2355 459 2435 δεῖξαι.
576 2379 579 2385 ·

571 2481 747 2564 [Λῆμμαλ

219 2600 304 2685 [Ὅτι
332 2600 385 2687 δέ,
415 2600 475 2669 ἐὰν
507 2598 730 2688 εὐθύγραμμα
759 2608 815 2669 ἴσα
842 2592 863 2689 ᾖ
892 2601 947 2669 καὶ
980 2598 1098 2688 ὅμοια,
1134 2604 1174 2668 αἱ

152 2705 313 2794 ὁμόλογοι
336 2703 448 2775 αὐτῶν
466 2706 607 2793 πλευραὶ
626 2715 696 2774 ἴσαι
715 2705 876 2794 ἀλλήλαις
894 2712 992 2796 εἰσίν,
1016 2709 1171 2794 δείξομεν

153 2811 267 2892 οὕτως.
1130 2816 1134 2823 ’

99 2943 133 2993 25
210 2916 318 2986 Ἔστω
352 2927 408 2988 ἴσα
439 2920 495 2987 καὶ
528 2916 627 3007 ὅμοια
660 2917 883 3008 εὐθύγραμμα
915 2919 955 2988 τὰ
987 2927 1070 3007 ΝΘ,
1095 2927 1172 3007 ΣΡ,

151 3024 207 3091 καὶ
231 3029 315 3093 ἔστω
338 3022 384 3106 ὥς
406 3023 426 3114 ἡ
451 3032 523 3094 ΘΗ
541 3024 625 3114 πρὸς
644 3025 706 3112 τὴν
725 3033 810 3113 ΗΝ,
836 3024 943 3106 οὕτως
961 3023 981 3113 ἡ
1002 3033 1070 3094 ΡΠ
1085 3025 1173 3112 πρὸς

151 3131 214 3219 τὴν
237 3139 321 3202 ΠΣ·
344 3134 446 3220 λέγω,
470 3131 520 3203 ὅτι
546 3141 600 3219 ἴση
626 3133 715 3202 ἐστὶν
738 3130 755 3200 λ
785 3140 854 3201 ΡΠ
872 3137 912 3221 τῇ
936 3138 1011 3202 ΘΗ.

218 3244 263 3306 Εἰ
293 3239 358 3327 γὰρ
393 3237 508 3308 ἄνισοί
537 3242 638 3325 εἰσιν,
673 3244 733 3326 μία
765 3236 879 3308 αὐτῶν
911 3242 1031 3326 μείζων
1069 3240 1172 3308 ἐστίν.

155 3387 367 3394 ————

225 3459 249 3505 ⁶2.
269 3455 362 3515 ΚΑΒ,
382 3450 479 3521 ΛΓΔ]
505 3454 539 3519 Β,
563 3450 825 3506 APlitt.inras.
849 3450 985 3505 m.2V.
1058 3451 1176 3508 &Post

154 3524 210 3576 ΠΡ
226 3521 298 3576 duae
317 3520 373 3576 litt.
394 3521 447 3577 del.
467 3540 503 3576 m.
522 3538 576 3577 rec.
592 3523 622 3578 P.
679 3529 703 3611 ’λζ
723 3522 800 3594 ΝΘ]
819 3522 1045 3577 inras.m.1P.
1102 3524 1174 3596 ΣΡ]
