2446 3938
368 111 643 164 ELEMENTORUM
660 112 769 165 LIBER
787 114 820 167 V.
1095 112 1114 174 7

174 254 224 322 15.
248 253 434 321 Subtraetio
457 256 594 321 rationis
618 260 682 339 est,
710 257 766 321 ubi
789 257 928 322 sumitur
956 278 1114 341 excessus,

51 444 54 449 Ι
102 384 167 447 quo
183 360 378 446 praecedens
392 365 581 447 sequentem
593 362 726 447 excedit,
741 363 782 426 ad
797 365 902 429 solam
917 367 1114 447 sequentem.

173 468 222 533 16.
251 465 429 533 Conuersio
457 468 597 534 rationis
631 471 694 551 est,
726 469 783 534 ubi
814 471 953 535 sumitur
983 492 1115 554 praeee-

33 554 43 569 ¹
102 573 184 640 dens
208 573 249 638 ad
272 594 449 658 excessum,
473 596 536 658 quo
559 573 754 659 praecedens
779 579 966 659 sequentem
980 576 1115 642 excedit.

173 681 224 747 17.
247 679 343 746 Datis
368 682 589 766 compluribus
612 681 893 767 magnitudinibus
917 685 950 747 et
977 683 1050 747 aliis
1074 684 1115 748 iis

102 807 239 853 numero
272 788 475 872 aequalibus,
507 787 614 856 itaut
646 787 716 853 bini
743 786 907 852 ooniunoti
938 788 972 852 in
1004 789 1115 854 eadem

102 893 229 959 ratione
262 894 339 978 sint,
377 915 416 958 ex
448 915 551 978 aequo
589 894 672 959 ratio
706 895 770 977 est,
806 892 862 957 ubi
899 893 973 976 erit,
1010 899 1048 958 ut
1081 896 1116 959 in

103 999 266 1082 prioribus
292 999 571 1085 magnitudinibus
594 1000 700 1084 prima
724 998 765 1063 ad
793 1001 981 1079 extremam,
1012 1001 1059 1065 ita
1081 1001 1116 1064 in

103 1105 214 1170 alteris
233 1105 512 1190 magnitudinibus
531 1107 637 1192 prima
656 1105 697 1170 ad
716 1107 901 1170 extremam.
934 1106 986 1169 uel
1006 1106 1114 1171 aliter:

102 1211 160 1276 ubi
182 1211 313 1276 termini
336 1212 511 1277 exteriores
536 1215 707 1277 sumuntur
731 1212 861 1276 omissis
886 1210 1037 1299 mediis.¹)

173 1318 223 1382 18.
245 1317 441 1383 Perturbata
468 1320 577 1383 autem
606 1318 691 1382 ratio
720 1321 784 1400 est,
813 1318 870 1383 ubi
898 1317 982 1383 datis
1010 1318 1114 1383 tribus

47 1494 56 1513 ,
102 1423 383 1509 magnitudinibus
407 1427 440 1488 et
464 1424 536 1488 aliis
559 1444 694 1488 numero
723 1423 763 1488 iis
787 1425 976 1508 aequalibus
1007 1428 1116 1489 estut

102 1531 139 1594 in
166 1529 330 1614 prioribus
359 1529 637 1615 magnitudinibus
666 1530 861 1614 praecedens
892 1530 1050 1595 terminus
1075 1530 1116 1594 ad

104 1639 307 1720 sequentem,
333 1636 382 1701 ita
408 1636 442 1700 in
470 1636 580 1700 alteris
610 1635 887 1721 magnitudinibus
919 1637 1114 1720 praecedens

104 1741 153 1806 ad
182 1745 384 1826 sequentem,
422 1746 454 1807 et
490 1747 528 1807 ut
563 1743 598 1806 in
634 1742 796 1826 prioribus
834 1743 1114 1827 magnitudinibus

103 1868 242 1932 sequens
257 1848 299 1915 ad
312 1847 410 1932 aliud,
428 1848 477 1912 ita
493 1848 528 1912 in
543 1849 653 1912 alteris
669 1846 755 1912 aliud
770 1847 810 1912 ad
829 1846 1113 1934 praecedentem.²)

171 2128 205 2195 Si
237 2129 332 2194 datae
370 2132 446 2194 sunt
481 2129 642 2214 quotlibet
680 2128 922 2214 magnitudines
956 2131 1117 2214 quotlibet

104 2236 364 2322 magnitudinum
388 2257 521 2302 numero
542 2237 724 2321 aequalium
744 2236 890 2322 singulae
914 2236 1116 2322 singularum

104 2364 204 2427 aeque
223 2343 430 2426 multiplices,
449 2343 575 2427 quoties
595 2342 765 2426 multiplex
780 2346 830 2408 est
847 2365 912 2408 una
926 2344 1116 2428 magnitudo

104 2448 212 2532 unius,
229 2443 339 2512 ¹toties
368 2448 467 2512 etiam
492 2470 603 2513 omnes
627 2449 772 2513 omnium
796 2453 889 2514 erunt
912 2450 1117 2534 multiplices.

182 2606 207 2671 1)
226 2603 1117 2676 Siarbre=octd:y,ratioexaequ00rita:e=octqa

103 2672 251 2744 efaprop.
273 2679 316 2728 22.

177 2748 204 2813 2)
219 2743 254 2800 H.
270 2762 292 2800 e.
308 2743 420 2799 uidetis
435 2746 630 2819 a,b,e‚u,tl,q
646 2747 1118 2820 estetb=pzqetbze=etlt

44 2880 49 2889 Ι
106 2815 155 2871 cfr.
174 2832 254 2886 prop.
274 2821 317 2872 23.

105 2956 166 3026 quq,
196 2937 352 3010 τεταγμένη
376 2937 419 3010 (δέ
435 2941 507 3025 add.
535 2941 556 2994 F
585 2943 614 2996 et
631 2941 657 2993 V
675 2961 711 2996 m.
731 2945 759 3012 2)
783 2937 921 3029 deuloploc
940 2939 1024 3011 ἐστίν,
1048 2935 1119 2998 ὅταν

104 3030 123 3081 ῃ
148 3029 186 3071 ως
208 3005 368 3080 ἡγούμενον
391 3028 462 3078 προς
485 3007 528 3080 (τό
553 3012 617 3067 add.
631 3011 667 3080 V)
688 3009 830 3082 ἑπόμενον
849 3033 939 3076 ουτως
956 3011 1117 3084 ἡγούμενον

104 3074 274 3163 (ἡχούμενος
292 3081 326 3168 φ)
345 3076 415 3150 πρὸς
434 3078 477 3149 (τό
497 3082 561 3136 add,
579 3083 615 3151 V)
642 3080 795 3154 ἑπόμενον,
823 3074 842 3153 ᾖ
865 3084 898 3139 δὲ
924 3085 973 3139 καὶ
991 3081 1029 3148 ὡς
1054 3081 1119 3139 ἑπό-

103 3168 194 3220 μενον
211 3146 282 3221 πρὸς
301 3155 369 3206 olle
387 3171 414 3206 τι
433 3146 522 3215 οὕτως
551 3149 693 3223 ἑπόμενον
711 3150 783 3224 πρὸς
801 3149 869 3212 ἄλλο
887 3175 914 3208 τι
932 3155 1020 3225 nvp,
1040 3156 1062 3208 B
1081 3174 1119 3209 m.

104 3226 135 3288 2,
153 3220 177 3274 P
195 3239 232 3276 m.
250 3237 320 3289 ree.;
347 3239 400 3279 om.
419 3223 470 3277 PB
489 3242 525 3277 m.
546 3230 575 3291 1,
599 3226 629 3278 et
656 3242 718 3279 eum
742 3225 871 3293 sequenti
894 3224 1064 3296 Campanum
1085 3227 1120 3281 de

104 3291 217 3346 Herone
245 3292 363 3348 dubium
381 3295 424 3350 est
442 3294 506 3364 (def.
532 3301 591 3364 127,
613 3298 649 3364 7).
685 3313 823 3364 nusquam
846 3299 1003 3367 usurpatur.
1078 3303 1119 3351 15.

104 3363 175 3417 ἴσων
194 3357 292 3426 αὐτοῖς
310 3364 343 3419 V.
424 3365 505 3436 ἴσων]
525 3367 587 3421 loeo
607 3387 628 3436 φ
648 3369 715 3436 (non
732 3368 773 3437 F).
861 3373 903 3423 16.
923 3366 1039 3437 γένηται
1056 3367 1119 3423 FV.

140 3437 184 3490 25.
202 3431 439 3491 roouurualoioeos
459 3456 481 3506 φ
501 3438 569 3505 (non
586 3437 628 3508 F).
