2446 3938
128 144 195 208 328
502 145 703 196 Σνοωωιιαω
722 141 761 212 η’.

129 285 283 365 ἐπίπεδός
306 288 390 368 ἐστι,
419 287 558 373 πλευραὶ
587 285 623 353 δὲ
647 281 753 353 αὐτοῦ
781 289 866 354 εἰσιν
894 289 930 352 ολ
954 293 1002 373 Ε,
1022 292 1068 355 Η.
1117 290 1155 356 ολ

127 400 217 478 Α,Β
241 390 309 481 άρα
332 394 484 460 ἐπίπεδοί
504 395 591 459 εἰσιν
613 390 764 480 άρνθμοί.
810 393 894 478 λέγω
920 391 979 479 δή,
1008 393 1064 461 ὅτι
1089 393 1150 461 καλ

15 572 19 595 Ι
129 496 248 584 ὅμοιοι.
286 499 355 566 ἐπεὶ
378 498 443 586 γάρ
468 498 485 566 6
507 506 534 565 Ζ
557 497 696 585 τὸνμὲν
717 507 750 565 A
768 497 1066 578 πολλαπλασιάσας
1084 498 1148 567 τὸν

15 634 28 650 -
54 637 75 700 3
99 578 160 672 bA
187 610 380 691 πεποίηκεν,
408 604 468 673 τὸν
497 605 535 673 δέ
561 612 593 670 Ε
622 604 915 685 πολλαπλασιάσας
941 603 1002 672 τὸν
1031 609 1067 672 Γ
1090 629 1148 672 πε-

15 671 54 791 '6'
92 716 280 798 σποίηιιεν,
313 717 403 779 ἔστιν
434 709 501 796 άρα
529 711 574 790 ὡς
601 711 619 778 6
653 721 683 779 A
710 709 794 799 πρὸς
820 709 881 780 τὸν
909 718 954 797 Ε,
986 707 1101 790 οὕτως
1130 737 1148 778 ο

127 827 160 885 A
186 817 270 906 πρὸς
296 817 357 886 τὸν
384 824 427 903 Γ,
454 819 624 886 τουτέστιν
653 819 671 885 6
701 825 733 886 Γ
755 818 839 906 πρὸς
861 817 922 886 τὸν
946 824 982 886 Β.
1030 816 1151 904 πάλιν,

77 906 81 924 ’
128 925 197 992 ἐπεὶ
210 925 244 991 6
274 931 305 992 Ε
332 925 490 1013 ἑκάτερον
516 928 585 992 τάν
614 932 658 1011 Ζ,
677 931 717 991 H
739 923 1036 1004 πολλαπλασιάσας
1063 925 1152 1004 τοὺς

128 1037 166 1117 Γ,
189 1037 218 1098 Β
241 1039 436 1116 πεποίηκεν,
460 1036 550 1098 ἔστιν
573 1029 638 1118 {ipa
662 1031 707 1111 ὡς
730 1060 748 1100 ο
774 1039 801 1098 Ζ
824 1031 908 1120 πρὸς
929 1029 991 1099 τὸν
1014 1036 1062 1117 Η,
1089 1029 1150 1100 οὕ-

127 1136 228 1216 τωςὸ
254 1134 383 1224 Γπρὸς
404 1135 466 1204 τὸν
489 1144 526 1204 B.
564 1137 609 1216 ὡς
632 1137 669 1205 δέ
693 1137 710 1205 6
736 1143 769 1204 Γ
786 1137 870 1228 πρὸς
891 1135 952 1206 τὸν
971 1143 1012 1222 Β,
1038 1135 1153 1218 οὕτως

75 1243 145 1311 106
173 1251 206 1309 A
228 1243 312 1330 πρὸς
334 1242 395 1310 τὸν
417 1249 460 1309 Ε·
487 1243 543 1309 καὶ
568 1243 613 1322 ὡς
636 1243 702 1328 άοα
726 1244 744 1312 6
769 1254 803 1311 A
824 1244 908 1333 πρὸς
929 1243 993 1312 τὸν
1019 1251 1066 1329 Ε,
1092 1241 1153 1312 οὕ-

127 1378 191 1430 τως
224 1350 241 1417 6
272 1356 299 1414 Ζ
326 1348 410 1435 πρὸς
437 1347 496 1417 τὸν
524 1355 566 1416 Η.
612 1351 668 1416 καὶ
697 1349 836 1432 ἐναλλὰξ
867 1351 912 1430 ὡς
945 1377 962 1418 ο
994 1358 1028 1416 A
1060 1347 1153 1437 πρὸς

127 1457 188 1524 τὸν
212 1463 250 1540 Ζ,
274 1452 380 1532 οὕτως
404 1454 421 1522 6
447 1462 478 1521 Ε
499 1454 583 1538 πρὸς
605 1454 665 1524 τὸν
688 1463 731 1524 Η.
768 1463 800 1525 ολ
824 1465 867 1542 Α,
885 1463 914 1523 Β
938 1454 1003 1544 ἄρα
1028 1455 1150 1542 ὅμοιοι

129 1564 278 1629 ἐπίπεδοι
306 1554 451 1645 ἀριθμοί
475 1563 576 1626 εἰσιν·
605 1564 642 1627 αλ
667 1560 731 1649 γὰρ
760 1563 899 1650 πλευραὶ
923 1558 1037 1629 αὐτῶν
1062 1558 1151 1628 άνά-

129 1664 234 1752 λομόν
258 1668 355 1732 εἰσιν·
381 1663 461 1752 ὅπερ
486 1667 554 1731 ἔδει
579 1669 695 1749 δεῖξαι.

77 1886 110 1936 16
606 1888 672 1929 κα.

193 1981 280 2054 Ἐάν
305 1985 376 2054 δύο
400 1982 585 2074 άριθμάν
609 1986 681 2054 δύο
710 1989 822 2073 μέσοι
851 1985 1055 2071 άνάλονον
1085 1988 1156 2072 έμ-

128 2099 325 2161 πίπτωσιν
362 2092 546 2180 άριθμοί,
589 2091 724 2180 ὅμοιοι
762 2099 922 2181 στερεοί
959 2096 1065 2160 εἰσιν
1110 2096 1158 2162 oc

129 2198 306 2287 ἀριθμοί.
662 2275 668 2285 ,

197 2305 272 2373 Δύο
295 2305 362 2394 γάρ
386 2302 544 2394 άριθμῶν
563 2309 630 2373 τάν
653 2313 696 2390 A,
716 2313 744 2373 Β
768 2305 831 2374 δύο
855 2306 950 2392 μέσοι
969 2301 1150 2390 άνάλογον

77 2435 113 2486 20
133 2413 380 2499 ἐμπιπτέτωσαν
409 2408 548 2500 άρνθμοὶ
577 2415 612 2478 ολ
638 2417 680 2495 Γ,
701 2419 747 2477 A·
775 2411 875 2498 λέγω,
905 2409 956 2479 ὅτι
987 2415 1022 2478 ολ
1047 2419 1097 2495 Α,
1118 2419 1153 2479 Β

130 2517 243 2604 ὅμοιοι
267 2522 399 2605 στερεοί
420 2521 515 2584 εἰσιν.

197 2623 429 2711 Εἰλήφθωσαν
457 2621 520 2711 γάρ
544 2621 710 2710 ἐλάχιστοι
733 2620 875 2711 ἀριθμοὶ
897 2627 966 2692 τάν
995 2622 1056 2691 τὸν
1087 2622 1151 2692 αὖ·

129 2729 189 2798 τὸν
217 2728 320 2815 λόγον
349 2728 496 2816 ἐχόντων
523 2743 593 2809 τοῖς
616 2737 663 2817 A,
682 2735 723 2814 Γ,
744 2738 777 2797 A
799 2743 886 2819 τρεῖς
910 2733 945 2799 οἱ
967 2737 1011 2816 Ε,
1031 2737 1073 2814 Ζ,
1093 2739 1148 2800 Η·

129 2838 165 2903 οί
186 2833 251 2922 άρα
274 2833 372 2921 άιιροι
401 2833 513 2903 αὐτῶν
536 2839 571 2903 ολ
592 2843 637 2923 Ε,
655 2843 696 2903 Η
713 2847 838 2926 πρῶτοι
865 2835 949 2924 πρὸς
976 2833 1147 2922 ἀλλήλους

76 2967 110 3017 25
132 2944 227 3009 εἰσίν.
272 2939 327 3006 καὶ
361 2942 430 3009 ἐπεὶ
459 2946 528 3010 τῶν
555 2950 600 3027 Ε,
620 2950 659 3010 Η
682 2937 729 3022 εἰς
761 2944 860 3029 μέσος
887 2939 1058 3028 άνάλονον
1088 2945 1146 3029 έμ-

128 3050 298 3117 πέπτωιιεν
321 3044 469 3136 άριθμὸς
492 3047 510 3115 6
536 3055 579 3131 Z,
604 3051 638 3115 οἱ
660 3057 699 3134 Ε,
718 3055 758 3116 Η
774 3047 841 3138 άρα
864 3046 1006 3137 άριθμολ
1025 3045 1141 3134 ὅμοιοι

201 3217 224 3264 1.
245 3205 395 3280 ἐπίπεδος]
414 3209 444 3262 in
462 3224 516 3262 ras.
534 3229 564 3278 φ.
637 3215 661 3264 3.
683 3203 744 3264 ἐπεὶ
757 3205 812 3278 γάρ
828 3240 860 3247 -
875 3213 904 3261 4:
926 3212 952 3262 Γ
969 3209 1143 3280 πεποίηκεν]

66 3310 90 3331 ··
129 3282 183 3335 del.
202 3282 237 3345 Β;
258 3275 320 3335 ἐπεὶ
342 3276 397 3349 γάρ
418 3274 552 3349 ἑκάτερον
573 3282 619 3348 (ex
638 3277 770 3351 ἑκάτερος
788 3280 824 3349 V)
843 3279 899 3333 τῶν
918 3284 956 3346 Δ,
976 3282 1001 3332 Ε
1020 3273 1035 3332 ὁ
1055 3282 1076 3332 Ζ
1096 3280 1146 3349 (A,

127 3355 148 3404 Ε
163 3347 177 3404 6
195 3354 216 3403 Z
229 3351 259 3404 in
272 3367 325 3406 ras.
341 3350 377 3420 V)
395 3349 641 3413 πολλαπλασιάσας
660 3347 794 3420 ἑκάτερον
813 3351 869 3404 τάν
889 3356 919 3418 A,
940 3354 966 3403 Γ
977 3349 1017 3419 (in
1035 3365 1088 3404 rae.
1105 3351 1145 3420 V)

128 3423 284 3490 πεποίηκεν
303 3421 370 3489 Vm
390 3417 451 3476 ἐπεὶ
469 3417 523 3492 γάρ
544 3418 676 3491 ἑκάτερος
694 3423 750 3476 τῶν
769 3426 803 3491 Ζ,
824 3426 854 3476 Η
869 3419 919 3475 τὸν
938 3423 963 3475 Ε
982 3423 1145 3475 πολλαπλα·

21 3542 24 3547 .
131 3488 231 3555 πιάσας
250 3487 385 3562 ἑκάτερον
404 3494 460 3546 τῶν
480 3496 515 3561 Γ,
541 3497 562 3545 Β
582 3495 737 3562 πεποίηκεν
755 3511 812 3562 mg.
831 3494 862 3547 Β.
900 3494 932 3546 In
951 3493 973 3546 P
991 3509 1048 3561 mg.
1068 3509 1105 3546 m.
1128 3498 1145 3546 1
