2446 3938
126 197 190 262 166
508 196 708 249 Στοωειαα
726 190 766 249 ς’.

192 338 263 406 ἐπεὶ
291 328 355 405 οὐν
383 346 461 406 ῖσον
488 337 558 405 ἐστὶ
585 335 622 405 τδ
650 343 724 404 ΒΗ
745 347 816 418 τοῖς
845 343 993 423 Γ,ΚΜ,
1027 329 1075 404 ὧν
1103 337 1143 404 τὸ

124 451 200 514 ΗΠ
227 447 273 536 τῳ
302 450 385 511 ΚΜ
407 446 497 512 ἐστιν
526 451 617 528 ῖσον,
645 441 761 523 λοιπὸς
788 442 853 531 άρα
883 440 900 512 ὁ
932 450 1032 510 ΥΧΦ
1059 442 1144 529 γνιί-

124 579 197 639 μων
226 554 330 641 λοιπῳ
359 553 404 642 τῷ
429 555 553 630 Γῖσος
580 551 679 617 ἐστίν.
725 550 781 617 καὶ
810 551 878 618 ἐπεὶ
907 558 983 618 ῖσον
1008 549 1076 618 έστὶ
1103 546 1141 616 τὸ

126 665 189 726 ΟΡ
212 661 257 747 τῷ
286 658 365 740 ΞΣ,
399 653 519 724 κοινὸν
546 661 759 744 προσκείσθω
787 654 825 723 τὸ
849 663 930 723 ΠΒ·
965 654 1048 724 ὅλον
1075 654 1143 743 άρα

89 762 162 832 ῖτδ
189 769 251 830 OB
275 760 342 852 ὅλῳ
365 766 410 853 τῷ
434 764 495 839 ΞΒ
519 769 595 830 ίσον
618 763 717 831 ἐστίν.
764 758 851 829 άλλδι
875 760 913 830 τὸ
932 764 993 838 ΞΒ
1010 765 1056 854 τῷ
1081 769 1146 829 ΤΕ

125 873 216 939 έστιν
244 879 334 955 ῖσον,
370 868 439 936 ἐπεὶ
467 868 522 935 καὶ
551 867 677 957 πλευρά
710 865 731 955 ἡ
761 876 831 936 ΑΕ
855 873 982 957 πλευρᾷ
1010 872 1049 957 τῇ
1079 875 1143 936 ΕΒ

124 979 214 1045 ἐστιν
238 984 307 1062 ῖση·
331 975 387 1042 καὶ
410 973 447 1042 τό
472 981 537 1041 ΤΕ
553 973 619 1062 άρα
637 978 681 1066 τῷ
704 981 765 1042 OB
784 978 874 1043 ἐστιν
894 983 978 1043 ίσον.
1023 974 1143 1044 κοινὸν

124 1088 339 1172 προσκείσθω
363 1079 400 1149 τὸ
425 1083 502 1158 ΞΣ
532 1077 614 1148 ὅλον
638 1079 704 1167 άρα
726 1078 765 1148 τὸ
793 1087 858 1147 ΤΣ
879 1081 945 1172 ὅλῳ
969 1085 1015 1171 τῷ
1043 1089 1112 1149 ΦΧ
1118 1090 1147 1148 Τ

123 1188 278 1275 γνώμονί
307 1191 398 1256 ἐστιν
431 1195 512 1255 ίσον.
567 1183 636 1254 ἀλλ’
673 1184 691 1255 δ
730 1194 800 1254 ΦΧ
803 1196 832 1254 Y
860 1186 1005 1274 γνώμων
1037 1191 1083 1280 τῷ
1114 1194 1148 1256 Γ

75 1305 108 1354 10
129 1296 265 1382 ἐδείχθη
289 1304 373 1372 ῖσος·
396 1291 512 1360 καὶτὸ
541 1298 606 1358 ΤΣ
626 1290 692 1378 άρα
714 1296 760 1383 τῷ
784 1299 815 1360 Γ
835 1295 924 1362 ἐστιν
949 1301 1033 1362 ῖσον.

193 1399 293 1486 Παρά
331 1396 393 1485 τὴν
431 1402 595 1466 δοθεῖσαν
631 1396 698 1484 άρα
735 1395 875 1466 εὐθεῖαν
905 1397 966 1486 τὴν
999 1407 1063 1467 AB
1096 1405 1141 1494 τῷ

124 1507 266 1573 δοθέντι
296 1502 524 1595 εὐθυγράμμῳ
552 1507 598 1596 τῳ
627 1509 659 1571 Γ
682 1513 757 1572 ίσον
790 1498 1141 1594 παραλληλόγραμμον

125 1614 372 1700 παραβέβληται
390 1608 428 1678 τὸ
448 1616 519 1677 ΣΤ
534 1610 686 1678 ἐλλεῖπον
705 1615 787 1678 εῖδει
805 1619 1141 1706 παραλληλογράμμῳ

123 1722 169 1810 τῷ
195 1724 263 1785 ΠΒ
287 1715 391 1809 ὁμοίῳ
416 1714 489 1784 ὄντι
512 1721 557 1809 τῳ
582 1725 616 1784 Δ
640 1715 829 1805 [ἐπειδήπερ
852 1715 890 1786 τὸ
914 1725 982 1786 ΠΒ
1001 1724 1046 1813 τῷ
1065 1727 1147 1788 ΗΠ

72 1840 106 1891 1ο
127 1822 248 1912 ὅμοιόν
272 1827 390 1907 έστιν]·
414 1820 496 1910 ὅπερ
520 1826 587 1890 έδει
609 1828 755 1910 ποιῆσαι.

593 2017 663 2086 αθ’.

190 2144 305 2233 Παρὰ
342 2141 412 2230 την
451 2147 646 2210 δοθεῖσαν
684 2144 849 2212 εὐθεῖαν
885 2148 936 2236 τῷ
975 2144 1141 2212 δοθέντι

125 2249 392 2342 εὐθυγράμμῳ
432 2259 519 2318 ῖσον
561 2249 976 2338 παραλληλόγραμμον
1017 2273 1140 2337 παρα-

125 2363 262 2444 βαλεῖν
303 2355 551 2446 ὑπερβάλλον
599 2357 697 2421 εῖδει
744 2357 1139 2448 παραλληλογράμμῳ

69 2479 104 2529 20
124 2457 245 2557 δμοίῳ
268 2467 318 2555 τῷ
344 2463 515 2531 δοθέντι.

182 2569 292 2638 Ἔστω
316 2566 337 2655 ἡ
363 2567 425 2655 μὲν
449 2571 591 2635 δοθεῖσα
614 2563 731 2650 εὐθεῖα
754 2563 775 2653 ἡ
798 2575 879 2654 ΑΒ,
907 2568 944 2636 τὸ
970 2568 1008 2637 δὲ
1032 2569 1141 2638 δοθὲν

125 2674 383 2762 εὐθύγραμμον,
412 2663 439 2765 ᾦ
464 2677 518 2741 δεῖ
540 2680 615 2740 ἴσον
638 2671 727 2762 παρά
750 2672 813 2761 τὴν
837 2681 901 2742 ΑΒ
924 2683 1140 2763 παραβαλεῖν,

121 2782 159 2852 τὸ
189 2788 229 2866 Γ,
262 2773 289 2871 ᾧ
318 2780 355 2848 δὲ
384 2784 437 2848 δεῖ
463 2776 582 2866 ὅμοιον
609 2775 846 2867 ὑπερβάλλειν,
873 2779 911 2850 τὸ
941 2789 986 2848 Δ·
1016 2786 1069 2850 δεῖ
1095 2780 1139 2869 δὴ

123 2885 213 2974 παρά
235 2885 298 2972 τὴν
318 2892 382 2952 ΑΒ
401 2883 540 2954 εὐθεῖαν
559 2889 604 2977 τῷ
623 2891 655 2953 Γ
670 2882 896 2979 εὐθυγράμμῳ
917 2897 993 2956 ῖσον
1011 2895 1138 2975 παραλ-

68 3005 103 3057 25
122 2991 361 3082 ληλόγραμμον
375 2998 581 3081 παραβαλεῖν
600 2989 812 3081 ὑπερβάλλον
831 2999 913 3062 εῖδει
931 3002 1141 3083 παραλληλο-

123 3100 264 3192 νοάινν
289 3095 394 3190 ὁμοῖν
417 3103 463 3191 τῷ
488 3107 529 3168 Δ·

196 3327 219 3376 1.
239 3321 311 3391 ΒΗ]
331 3321 361 3374 in
379 3337 433 3375 ras.
452 3339 488 3376 m.
509 3327 525 3375 2
544 3320 582 3387 V3
602 3323 658 3374 ΗΒ
676 3338 706 3390 p.
793 3327 818 3376 2.
838 3324 898 3376 λ’σον
918 3318 993 3377 ἐστίν
1018 3341 1046 3392 p.
1083 3326 1141 3378 λοι-

5 3418 13 3425 ·
122 3387 179 3446 τόν
197 3390 227 3460 Ρ,
247 3407 316 3448 corr.
335 3410 371 3445 m.
391 3408 445 3446 rec.
521 3395 576 3444 ΤΧ
582 3391 622 3462 Φ]
644 3395 730 3445 ΤΦΧ
750 3391 772 3444 Ρ
790 3392 823 3449 V.
897 3399 921 3448 3.
942 3387 1017 3448 ἔστιν
1035 3395 1095 3456 ῖσος
1108 3395 1140 3452 F.

124 3457 212 3535 ἐστίν]
234 3457 295 3518 ίστῖ
309 3460 343 3525 V,
363 3478 452 3530 comp.
472 3479 498 3530 p.
573 3457 648 3533 ἔστί]
670 3459 744 3517 ἐστίν
763 3463 793 3516 P.
868 3468 892 3519 5.
914 3464 983 3535 OB]
1008 3481 1087 3520 euan.
1107 3465 1140 3522 F.

54 3572 91 3718 ι
160 3540 184 3591 6.
205 3537 266 3590 ἴσον
291 3528 366 3586 ἐστίν
389 3531 420 3586 Β.
458 3529 530 3586 Ante
555 3529 622 3587 ἐπεί
641 3533 705 3588 add.
725 3553 759 3601 φτ
786 3529 840 3588 έπῖ.
933 3541 957 3590 λ.
978 3537 1045 3605 OB]
1066 3535 1141 3592 oin
