2446 3938
105 181 147 245 10
423 204 428 213 ·
463 180 683 234 ’ΣΤΟΙΧΕΙΩΝ
701 175 736 238 ε’.
813 202 818 211 ·

103 326 193 388 σιον
225 321 291 388 καὶ
317 326 453 409 τρίτον
485 320 689 408 τετάρτου,
721 311 742 409 ᾖ
776 320 818 389 δὲ
847 321 911 388 καί
938 320 1114 407 πέμπτον

104 427 293 513 δευτέρου
326 427 456 508 ἰσάκις
486 427 786 496 πολλαπλάσιον
818 427 883 496 καί
916 429 1029 496 ἕκτον
1057 452 1115 494 τε-

102 531 262 621 τάρτου,
303 533 367 601 καί
409 533 604 602 συντεθὲν
641 543 797 620 πρῶτον
833 534 898 601 καί
939 533 1114 620 πέμπτον

103 640 293 728 δευτέρου
323 639 453 720 ἰσάκις
481 644 589 707 ἔσται
612 637 911 707 πολλαπλάσιον
939 639 1004 706 καὶ
1031 643 1114 727 τρί-

68 758 172 812 στον
194 746 259 813 καὶ
283 747 397 814 ἕκτον
419 729 673 848 τετάρτουῗ)

169 857 314 939 Πρῶτον
336 851 400 941 γάρ
423 851 461 920 τὸ
487 859 552 920 ΑΒ
576 853 737 942 δευτέρου
758 855 819 920 τοῦ
843 857 875 919 Γ
894 850 1003 932 ἰσάκις
1030 857 1113 920 ἔστω

102 957 354 1028 πολλαπλάσιον
385 959 441 1026 καὶ
472 964 586 1047 τρίτον
605 959 656 1049 ,τὸ
690 966 761 1026 ΔΕ
789 956 950 1047 τετάρτου
980 962 1041 1026 τοῦ
1075 965 1116 1044 Ζ,

102 1067 185 1131 ἔστω
214 1064 251 1132 δὲ
277 1065 334 1132 καί
361 1065 510 1151 πέμπτον
532 1063 570 1133 τὸ
594 1072 668 1132 ΒΗ
687 1064 847 1153 δευτέρου
869 1067 931 1132 τοῦ
954 1069 987 1131 Γ
1006 1062 1114 1143 ἰσάκις

99 1165 354 1239 ’πολλαπλάσιον
372 1172 428 1238 καί
447 1173 543 1239 ἕκτον
561 1168 599 1238 τὸ
619 1178 681 1238 ΕΘ
699 1170 858 1258 τετάρτου
876 1173 937 1238 τοῦ
952 1176 995 1236 Ζ·
1016 1171 1114 1255 λέγω,

67 1272 155 1342 θ’ὅτι
177 1277 232 1343 καὶ
257 1276 422 1345 συντεθὲν
444 1280 577 1362 πρῶτον
600 1277 656 1348 καί
678 1277 827 1362 πέμπτον
849 1275 886 1344 τὸ
911 1283 988 1343 ΑΗ
1006 1277 1116 1345 δευτέ-

103 1407 166 1468 ρον
188 1386 249 1448 τοῦ
273 1387 306 1449 Γ
324 1382 433 1462 ἰσάκις
456 1387 548 1450 ἔσται
570 1382 822 1452 πολλαπλάσιον
843 1383 900 1450 καί
922 1387 1036 1470 τρίτον
1059 1382 1115 1450 καί

103 1489 199 1555 ἕκτον
222 1487 260 1556 τὸ
286 1496 352 1556 ΛΘ
375 1487 533 1576 τετάρτου
555 1492 617 1556 τοῦ
641 1496 677 1557 Ζ.

166 1595 254 1663 Ἐπεὶ
284 1592 347 1682 γάρ
377 1593 485 1674 ἰσάκις
513 1593 587 1662 ἰστδ
614 1594 866 1664 πολλαπλάσιον
898 1592 935 1662 τὸ
965 1602 1030 1662 ΑΒ
1053 1598 1116 1663 τοῦ

103 1707 136 1768 Γ
153 1702 209 1768 καί
232 1700 270 1769 τὸ
294 1708 364 1768 ΛΕ
384 1704 445 1768 τοῦ
470 1707 512 1786 Ζ,
542 1696 605 1766 ὅσα
633 1697 698 1782 άρα
726 1701 816 1768 ἐστὶν
840 1703 877 1769 ἐν
899 1704 945 1792 τῷ
970 1708 1035 1768 ΑΒ
1059 1708 1116 1768 ἰσα

70 1812 150 1899 ετρῖ
178 1814 221 1894 Γ,
249 1811 395 1875 τὀσαῦτα
427 1806 483 1872 καί
513 1807 550 1873 ἐν
576 1809 622 1898 τῷ
653 1813 723 1874 ΛΕ
754 1814 809 1874 ἰσα
837 1811 881 1898 τῷ
911 1815 947 1876 Ζ.
990 1805 1046 1875 διά
1074 1805 1115 1874 τά

104 1910 189 1980 αὐτά
212 1911 254 1999 δὴ
273 1914 329 1983 καί
353 1909 417 1980 ὅσα
440 1912 531 1981 ἐστὶν
555 1913 592 1980 ἐν
615 1915 660 2004 τῷ
684 1918 758 1980 ΒΗ
772 1921 828 1980 ἰσα
847 1917 892 2004 τῷ
912 1920 950 2000 Γ,
967 1917 1115 1982 τοσαῦτα

102 2018 159 2085 καί
187 2021 224 2086 ἐν
251 2023 296 2110 τῷ
320 2027 383 2087 ΕΘ
406 2027 464 2086 ἰσα
486 2022 532 2111 τῷ
556 2026 597 2086 Ζ·
627 2017 691 2087 ὅσα
714 2017 780 2108 άρα
803 2019 895 2088 ἐστὶν
919 2022 955 2088 ἐν
979 2018 1046 2111 ὅλῳ
1070 2023 1116 2108 τῷ

103 2132 180 2192 AH
198 2133 255 2193 ἰσα
278 2129 323 2219 τῷ
342 2132 381 2213 Γ,
399 2128 545 2196 τοσαῦτα
564 2124 620 2192 καί
639 2127 676 2192 ἐν
696 2123 763 2216 ὅλῳ
782 2129 828 2218 τῷ
848 2134 914 2194 ΔΘ
933 2133 990 2193 ἴσα
1008 2130 1054 2219 τῷ
1075 2133 1116 2193 Z·

103 2228 312 2301 ὁσαπλάσιον
335 2231 401 2319 άρα
425 2232 494 2300 ἐστὶ
515 2230 554 2299 τὸ
579 2236 656 2298 ΑΗ
673 2234 734 2298 τοῦ
757 2237 801 2316 Γ,
824 2231 1115 2301 τοσαυταπλάσιον

66 2359 87 2407 ιο
106 2343 197 2407 ἔσται
221 2341 276 2406 καί
299 2337 337 2406 τὸ
362 2345 428 2405 ΛΘ
450 2341 512 2417 τοῦ
540 2343 575 2404 Ζ.
612 2336 668 2403 καί
696 2337 860 2406 συντεθὲν
888 2336 955 2424 άρα
981 2341 1117 2425 πρῶτον

102 2444 158 2510 καί
190 2447 338 2534 πέμπτον
369 2442 408 2511 τδ
437 2443 696 2530 ΑΗῑδευτέρου
727 2447 788 2511 τοῦ
820 2450 853 2511 Γ
882 2443 992 2524 ἰσάκις
1024 2442 1117 2512 ἔσται

102 2549 354 2617 πολλαπλάσιον
362 2550 418 2617 καί
427 2554 540 2636 τρίτον
549 2550 605 2618 καί
616 2551 711 2618 ἕκτον
721 2547 758 2618 τὸ
769 2549 1072 2639 ΔΘτετάρτουτοῦ
1081 2557 1117 2618 Ζ.

167 2653 248 2723 Ἐάν
272 2653 339 2742 άρα
361 2658 495 2744 πρῶτον
519 2657 678 2745 δευτέρου
697 2654 806 2736 ἰσάκις
823 2647 845 2744 ᾖ
865 2654 1117 2724 πολλαπλάσιον

102 2760 159 2829 καί
195 2766 309 2850 τρίτον
340 2764 515 2850 τετάρτου,
553 2755 575 2851 ᾖ
609 2762 647 2831 δὲ
682 2761 738 2829 καί
775 2763 924 2850 πέμπτον
957 2763 1118 2850 δευτέρου

66 2886 86 2936 ε
106 2867 215 2948 ἰσάκις
227 2868 479 2937 πολλαπλάσιον
497 2869 553 2937 καί
572 2869 669 2937 ἕκτον
687 2867 858 2956 τετάρτου,
876 2867 932 2935 καί
952 2868 1118 2937 συντεθὲν

104 2976 238 3059 πρῶτον
260 2975 316 3042 καί
340 2976 489 3062 πέμπτον
513 2977 672 3064 δευτέρου
692 2974 801 3055 ἰσάκις
819 2980 910 3043 ἔσται
929 2973 1118 3043 πολλαπλά-

103 3099 178 3148 σιον
201 3081 256 3149 καί
279 3088 394 3169 τρίτον
416 3083 473 3150 καί
496 3083 594 3150 ἕκτον
615 3080 788 3168 τετάρτου·
813 3079 894 3169 ὅπερ
915 3084 983 3148 ἔδει
1003 3083 1117 3162 δεῖξαι.

177 3298 201 3347 6.
221 3293 369 3364 δευτέρου]
385 3310 454 3348 corr.
470 3310 504 3347 ex
517 3290 652 3363 δεύτερον
664 3294 698 3348 V.
765 3300 805 3348 13.
826 3287 900 3348 ἐστίν
919 3294 950 3349 Ρ.
1016 3301 1057 3349 16.
1078 3295 1118 3366 Γ]

104 3380 174 3437 corr³
198 3379 232 3418 ex
254 3369 277 3417 A
300 3382 336 3418 m.
361 3370 377 3417 2
403 3364 432 3418 F.
508 3371 549 3420 17.
573 3366 642 3437 ΕΘ]
667 3368 755 3431 ΕΒφ.
830 3371 871 3420 18.
897 3365 965 3437 ΔΘ]
991 3381 1060 3420 corr.
1085 3381 1119 3420 ex

103 3437 162 3487 ΑΗ
182 3439 219 3489 m'.
245 3443 259 3488 1
284 3434 315 3489 P.
389 3435 423 3505 Z]
443 3452 512 3492 corr.
536 3452 571 3490 ex
590 3440 616 3490 Γ
631 3453 668 3492 m.
690 3434 748 3490 1P.
819 3441 861 3492 19.
881 3430 956 3490 ἰστίν
974 3436 1005 3490 Ρ.
1074 3441 1118 3490 20.

102 3501 136 3559 τό
153 3505 265 3576 πρῶτον
282 3505 313 3561 P.
386 3511 429 3560 21.
450 3504 539 3579 ἔσται]
561 3505 630 3563 ἔστω
648 3505 685 3573 Β,
704 3501 763 3560 ἔστι
781 3524 808 3576 p.

165 3612 628 3742 '74na÷na÷(¹'¹4“)“·
