2446 3938
127 183 169 248 85
502 144 703 234 Συοωωιαει
722 175 762 232 τ’.

127 321 299 408 ἆνοίλογόν
328 326 414 390 είσιν
443 323 481 389 αί
509 321 650 411 πλευραί
678 324 715 388 αί
741 320 816 406 περὶ
840 317 899 399 τὰς
922 327 996 398 ίσας
1018 321 1144 404 γωνίας

125 431 181 496 καί
210 425 374 515 ὁμόλογοι
402 432 440 496 αί
463 426 529 497 ὑπὸ
558 427 617 508 τὰς
646 436 719 508 ίσας
748 430 873 512 γωνίας
896 421 1143 494 ὑποτείνουσαι.

196 542 335 604 Κείσθω
359 534 423 623 γοὶρ
448 532 498 603 ἐπ’
525 533 661 614 εὐθείας
682 531 703 620 ἡ
727 539 794 601 ΒΓ
812 536 852 620 τῇ
876 537 947 600 ΓΕ.
992 531 1048 598 καί
1073 531 1145 598 ἐπεὶ

55 720 68 740 ο
126 645 164 709 αλ
193 639 258 710 ὑπὸ
296 646 404 726 ΑΒΓ,
426 646 525 708 ΑΓΒ
558 645 678 727 γωνίαι
718 639 781 707 δύο
821 636 939 727 ὀρθῶν
971 636 1144 717 ἐλάττονές

92 751 232 834 σείσιν,
265 755 320 834 ίση
355 746 392 814 δὲ
423 743 444 832 ἡ
477 743 543 814 ὑπὸ
578 752 676 814 ΑΓΒ
709 748 748 834 τῇ
777 741 842 812 ὑπὸ
871 748 983 830 ΔΕΓ,
1016 746 1053 810 αί
1079 742 1145 830 ίιρα

126 851 193 922 ὑπὸ
218 860 331 940 ΑΒΓ,
347 857 453 922 ΔΕΓ
472 851 535 921 δύο
560 850 677 939 ὀρθῶν
696 850 868 932 ἐλάττονές
886 854 986 919 εἰσιν
1010 852 1048 918 αί
1070 857 1143 936 ΒΑ,

127 968 197 1028 ΕΛ
211 959 278 1050 ίίρα
297 958 537 1046 ἐκβαλλόμεναι
557 962 815 1046 συμπεσοῦνται.
861 956 1144 1044 ἐκβεβλήσθωσαν

127 1067 184 1134 καί
207 1067 483 1155 συμπιπτέτωσαν
505 1064 588 1134 κατὰ
610 1063 648 1134 τὸ
674 1073 710 1134 Ζ.

193 1173 261 1241 Καὶ
295 1173 364 1241 ἐπεὶ
393 1179 448 1258 ίση
477 1171 568 1240 ἐστὶν
595 1168 616 1258 ἡ
644 1168 710 1239 ὑπὸ
741 1177 847 1240 ΔΓΒ
871 1158 978 1258 γωνία
1007 1175 1046 1260 τῇ
1077 1167 1142 1239 ὑπὸ

74 1301 107 1350 10
127 1285 236 1366 ΑΒΓ,
267 1277 479 1368 παράλληλός
507 1280 598 1346 ἐστιν
620 1275 641 1364 ἡ
665 1285 726 1346 ΒΖ
749 1280 788 1368 τῇ
814 1283 884 1345 ΓΔ.
925 1279 1043 1363 πιίλιν,
1073 1277 1145 1346 ἐπεὶ
1202 1303 1210 1315 ·

126 1394 181 1473 ίση
215 1386 306 1454 ἐστίν
337 1382 358 1471 ἡ
391 1381 456 1452 ὑπὸ
490 1390 591 1452 ΑΓΒ
619 1388 659 1473 τῇ
683 1381 749 1452 ὑπὸ
779 1390 896 1470 ΔΒΓ,
928 1382 1144 1472 παράλληλός

98 1495 216 1559 ’ἐστιν
248 1488 269 1577 ἡ
303 1495 372 1558 ΑΓ
397 1493 437 1578 τῇ
471 1497 542 1558 ΖΕ.
593 1489 941 1579 παραλληλόγραμμον
974 1488 1040 1578 ἄρα
1074 1489 1145 1558 ἐστὶ

125 1595 163 1665 τὸ
189 1602 328 1664 ZAFA·
353 1603 408 1682 ίση
432 1595 498 1685 ἄρα
521 1594 541 1683 η
565 1597 626 1684 μὲν
651 1605 710 1665 ΖΑ
732 1603 772 1686 τῇ
798 1603 872 1682 ΔΓ,
900 1595 921 1685 ἡ
953 1597 991 1666 δὲ
1015 1601 1085 1664 ΑΓ
1103 1601 1143 1684 τῇ

126 1711 202 1770 ΖΛ.
247 1703 302 1770 καί
336 1702 405 1770 ἐπεὶ
438 1702 606 1789 τριγώνου
636 1707 697 1772 τοῦ
728 1711 829 1772 ΖΒΕ
858 1701 947 1792 παρὰ
976 1708 1057 1790 μίαν
1080 1700 1144 1789 τὴν

75 1829 108 1879 15
128 1817 192 1879 ΖΕ
213 1801 310 1896 ἦκται
333 1809 354 1896 ἡ
377 1815 454 1896 ΑΓ,
476 1814 567 1878 ἔστιν
590 1808 657 1899 ίίρα
680 1807 726 1891 ὡς
748 1807 769 1897 ἡ
794 1817 863 1878 ΒΑ
881 1808 965 1900 πρὸς
982 1809 1045 1897 τὴν
1066 1816 1144 1896 ΑΖ,

126 1918 233 1996 οὕτως
264 1914 285 2003 ἡ
314 1920 381 1983 ΒΓ
403 1914 487 2004 πρὸς
514 1915 577 2004 τὴν
600 1923 671 1986 ΓΕ.
724 1925 778 2004 ίση
805 1916 842 1985 δὲ
865 1914 886 2004 ἡ
910 1925 975 1984 ΑΖ
998 1921 1038 2007 τῇ
1062 1922 1145 1984 ΓΛ·

126 2020 171 2104 ὡς
194 2021 260 2111 ἄρα
283 2018 304 2108 ἡ
328 2029 395 2090 ΒΑ
417 2021 501 2108 πρὸς
522 2022 586 2111 τὴν
609 2030 687 2111 ΓΔ,
711 2022 818 2105 οὕτως
841 2021 862 2110 ᾗ
885 2029 952 2092 ΒΓ
970 2021 1053 2113 πρὸς
1075 2021 1141 2110 τὴν

125 2134 202 2216 ΓΕ,
230 2129 286 2197 καί
314 2126 456 2210 ἐναλλὰξ
486 2125 531 2208 ὡς
563 2126 584 2216 ἡ
609 2137 676 2197 ΑΒ
698 2129 782 2218 πρὸς
804 2129 867 2218 τὴν
890 2137 963 2217 ΒΓ,
988 2129 1138 2217 οὔτωςὴ

73 2260 75 2265 ’
119 2241 196 2308 ,ΑΓ
220 2233 303 2324 πρὸς
334 2233 397 2322 τὴν
429 2241 501 2302 ΓΕ.
550 2234 667 2320 πάλιν,
705 2237 774 2304 ἐπεὶ
807 2236 1020 2325 παράλληλός
1051 2238 1143 2310 ἐστιν

74 2339 149 2428 2οἡ
182 2347 249 2412 ΓΔ
278 2346 317 2431 τῇ
346 2349 425 2427 ΒΖ,
455 2346 545 2409 ἔστιν
573 2338 639 2430 ἄρα
668 2337 713 2422 ὡς
740 2339 761 2428 ἡ
786 2349 854 2410 ΒΓ
871 2342 955 2432 πρὸς
981 2341 1044 2430 τὴν
1067 2349 1143 2429 ΓΕ,

127 2445 233 2529 οὕτως
260 2445 281 2535 ἡ
306 2455 375 2515 ΖΛ
396 2444 481 2535 πρὸς
508 2446 572 2533 τὴν
595 2455 672 2518 ΔΕ.
722 2452 780 2536 ἴση
804 2445 885 2536 BN]
910 2457 978 2517 ΖΔ
999 2454 1039 2539 τῇ
1063 2456 1141 2518 ΑΓ·

125 2551 171 2634 ὡς
194 2554 260 2644 ίίρα
283 2551 304 2640 ἡ
327 2559 394 2621 ΒΓ
412 2551 497 2640 πρὸς
518 2551 580 2640 τὴν
603 2560 680 2641 ΓΕ,
709 2553 816 2650 οὕτως
838 2553 859 2644 ἡ
884 2563 953 2624 ΑΓ
972 2555 1055 2645 πρὸς
1078 2556 1143 2645 τὴν

126 2667 216 2746 ΔΕ,
241 2660 297 2727 καὶ
329 2650 547 2740 ἐναλλᾶξοὸς
573 2657 594 2746 ἡ
625 2667 692 2730 ΒΓ
713 2661 798 2751 πρὸς
825 2661 889 2750 τὴν
918 2668 997 2749 ΓΑ,
1031 2663 1142 2744 οὕτως
1185 2693 1190 2701 ·

125 2763 147 2850 ἡ
175 2771 240 2833 ΓΒ
264 2762 347 2853 πρὸς
373 2762 436 2850 τὴν
469 2772 548 2833 ΕΛ.
590 2767 660 2836 ἐπεὶ
688 2759 751 2836 οὖν
780 2771 916 2855 ἐδείχθη
944 2765 989 2848 ὡς
1021 2769 1083 2856 μὲν
1117 2767 1138 2857 ἡ

72 2889 107 2940 25
126 2877 191 2938 AB
217 2868 302 2956 πρὸς
327 2866 390 2956 τὴν
419 2876 494 2956 ΒΓ,
523 2869 630 2954 οὕτως
656 2871 677 2960 ἡ
702 2880 773 2942 ΛΓ
790 2872 875 2962 πρὸς
903 2873 965 2962 τὴν
989 2881 1067 2962 ΓΕ,
1097 2873 1143 2957 ὡς

126 2976 164 3045 δὲ
187 2973 208 3064 ἡ
231 2981 298 3044 ΒΓ
314 2973 398 3065 πρὸς
421 2976 484 3064 την
507 2984 590 3066 ΓΑ,
614 2979 720 3060 οὕτως
742 2977 763 3067 ἡ
788 2986 854 3048 ΓΕ
873 2980 958 3070 πρὸς
979 2982 1041 3070 τὴν
1061 2991 1142 3070 ΕΔ,
1191 2967 1198 2977 ⁸

126 3079 172 3151 δι’
202 3089 280 3152 ίσου
301 3081 368 3171 ἄρα
402 3081 447 3164 ὡς
472 3081 494 3171 ἡ
517 3093 586 3153 ΒΑ
608 3084 691 3173 πρὸς
718 3085 781 3174 τὴν
805 3093 881 3175 ΑΓ,
906 3088 1012 3169 οὕτως
1034 3087 1054 3177 ἡ
1080 3097 1144 3158 ΓΔ

82 3270 87 3277 ,
126 3188 210 3278 πρὸς
231 3189 294 3277 τὴν
318 3199 421 3258 ΛΕ.-

124 3300 339 3312 ——---—..

197 3337 224 3387 4.
244 3329 414 3456 θίοὲαίθύο
424 3333 454 3400 Ρ,
469 3349 539 3388 corr.
549 3351 586 3387 m.
602 3339 626 3388 1.
656 3329 804 3396 ἐλάσσονες
819 3334 852 3390 V.
908 3343 933 3392 6.
949 3330 1097 3398 ἐλάσσονες
1106 3336 1140 3392 V.

125 3400 170 3459 10.
189 3397 277 3474 ἐστιν]
313 3391 331 3471 ’,
349 3404 371 3456 Β
388 3422 425 3458 m.
447 3411 475 3470 13
494 3399 551 3472 ἄρα
572 3399 647 3458 ἐστίν
665 3403 756 3474 BVp‚
776 3405 797 3459 Β
816 3424 853 3459 m.
873 3412 898 3460 2.
936 3406 1089 3475 Sequentia
1111 3408 1142 3462 in

125 3480 181 3544 m.
200 3490 237 3529 m.
255 3481 269 3528 1
284 3491 312 3543 p.
385 3479 427 3528 12.
447 3469 520 3544 ἐστί]
537 3469 612 3528 ἐστίν
626 3474 657 3543 Ρ,
672 3491 763 3546 comp.
777 3494 804 3545 p.
879 3482 920 3531 13.
941 3479 1057 3550 ΖΑΓΔ]
1074 3478 1142 3533 Pin

69 3500 230 3712 *B
318 3543 552 3616 AF]Finras.
572 3562 604 3614 p;
625 3549 674 3600 ΓΔ
693 3546 727 3616 V,
747 3563 816 3602 corr.
835 3565 872 3604 m.
891 3553 916 3601 2.
1004 3555 1045 3603 14.
1071 3551 1140 3621 ΖΔ]
