2446 3938
157 190 224 256 290
535 189 737 243 Στοῐεωιαα
755 184 795 257 η’.

158 339 204 400 Η·
233 329 296 399 οῦκ
323 330 390 416 ἄρα
416 330 524 418 μονάς
551 331 642 398 ἐστιν
675 327 694 397 6
724 336 763 396 Ζ·
791 327 812 416 ἡ
843 328 908 416 μὰρ
931 327 1040 417 μονὰς
1061 327 1176 397 πάντα

157 436 307 524 ἀριθμὸν
326 451 445 523 μετρεῖ.
486 442 546 502 καί
561 440 647 503 είσιν
667 438 702 503 οί
720 443 758 520 Ζ,
776 442 806 502 Θ
823 440 949 524 πρῦτοι
967 433 1053 522 πρὸς
1071 433 1177 522 ἀλλή-

158 552 239 623 λους
262 542 356 627 [οὐδὲ
380 541 398 610 6
423 550 450 609 Ζ
473 541 539 628 ἄρα
562 539 623 608 τὸν
647 548 676 608 Θ
699 546 834 629 μετρεῖ]
879 546 936 608 καί
959 542 1051 608 ἐστιν
1081 537 1129 619 ὡς
1157 538 1176 608 6

159 658 186 716 Ζ
214 649 298 738 πρὸς
325 647 386 716 τὸν
414 655 457 732 Θ,
486 645 593 727 οὕτως
620 644 637 715 6
666 656 699 714 A
721 646 805 732 πρὸς
831 645 892 715 τὸν
916 652 956 714 Γ·
987 644 1070 714 οῦδὲ
1100 644 1120 714 6
1144 655 1178 715 A

123 755 224 842 οῦρα
255 754 316 823 τὸν
344 760 377 822 Γ
404 767 522 841 μετρεῖ.
573 751 697 839 ὁμοίως
728 752 771 839 δή
805 755 972 839 δείξομεν,
1004 753 1057 820 ὅτι
1094 751 1178 822 οῦδὲ

158 860 259 942 ἄλλος
282 859 395 941 οὐδεὶς
418 859 542 928 οὐδένα
565 862 730 947 μετρήσει·
756 857 836 946 ὅπερ
861 863 929 928 ἔδει
953 862 1068 940 δεῖξαι.

221 1178 309 1248 Ἐὰν
342 1171 440 1248 ὦσιν
473 1177 694 1247 ὁποσοιοῦν
726 1176 896 1266 ἀριθμοὶ
929 1179 1045 1263 [ἑξῆς]
1077 1175 1180 1247 ἀντὶ·

158 1294 295 1371 λογον,
328 1282 346 1353 6
380 1285 418 1353 δὲ
449 1288 603 1371 πρῶτος
633 1282 703 1351 τὸν
735 1288 900 1371 ἔσχατον
933 1287 1073 1371 μετρή,
1109 1286 1180 1353 καὶ

107 1404 140 1453 10
157 1390 227 1460 τὸν
251 1390 441 1478 δεύτερον
464 1388 659 1476 μετρήσει.

216 1495 390 1563 Ἔστωσαν
423 1493 606 1563 ὁποσοιοῦν
638 1492 780 1582 ἀριθμοὶ
817 1495 892 1581 ἕξής
928 1491 1105 1581 ιἰνοίλομον
1145 1501 1184 1566 oc

158 1612 205 1688 A,
223 1610 267 1687 B,
286 1608 329 1687 Γ,
349 1609 398 1687 Δ,
422 1599 440 1670 6
465 1602 502 1670 δὲ
525 1612 557 1670 Α
579 1601 640 1670 τὸν
664 1609 698 1669 A
720 1607 891 1690 μετρείτω·
915 1602 1016 1687 λέγω,
1041 1602 1096 1669 ὅτι
1120 1605 1181 1671 καὶ

159 1705 178 1774 6
201 1716 234 1776 A
256 1706 317 1776 τὸν
340 1716 369 1776 Β
393 1721 512 1797 μετρεῖ.

225 1819 271 1883 El
300 1812 365 1902 γὰρ
394 1811 436 1882 οῦ
469 1826 582 1902 μετρεῖ
607 1813 625 1882 6
654 1823 686 1881 A
713 1814 774 1883 τὸν
801 1823 846 1901 Β,
877 1813 958 1884 οῦδὲ
985 1813 1090 1896 ἄλλος
1121 1817 1182 1887 οῦ-

107 1940 140 1989 15
160 1920 229 2000 δεὶς
252 1916 377 1988 οὐδένα
398 1919 569 2009 μετρήσει·
596 1935 710 2008 μετρεῖ
731 1921 769 1989 δὲ
792 1919 810 1990 6
835 1931 866 1990 A
888 1921 948 1992 τὸν
973 1931 1015 1990 Δ.
1061 1938 1186 2013 μετρεῖ

159 2025 225 2114 ἄρα
246 2026 302 2094 καὶ
326 2023 345 2094 6
369 2035 401 2093 A
423 2025 484 2095 τὸν
507 2034 549 2094 Β·
582 2026 663 2111 ὅπερ
688 2031 757 2094 ἔδει
780 2031 894 2109 δεῖξαι.

642 2247 688 2307 ή.

228 2344 311 2413 Εὰν
334 2343 406 2412 δύο
431 2340 615 2431 ἀριθμῶν
638 2342 782 2430 μεταξῦ
809 2344 906 2413 κατὰ
934 2345 977 2415 τὸ
1007 2349 1183 2436 συνεχὲς

158 2450 359 2537 ἀνάλογον
396 2451 641 2536 ἐμπίπτωσιν
674 2447 857 2538 ἀριθμοί,
890 2448 980 2519 ὅσοι
1012 2456 1069 2532 είς
1106 2454 1182 2524 αῦ-

106 2556 250 2637 εοτοῦς
286 2557 429 2644 μεταξὺ
463 2556 560 2622 κατὰ
596 2553 639 2623 τὸ
677 2555 838 2643 συνεχὲς
871 2553 1076 2644 ἄνοίλομον
1112 2565 1181 2650 ίμ-

158 2669 370 2730 πίπτουσιν
394 2659 575 2750 ἆριθμοί,
603 2665 790 2731 τοσοῦτοι
812 2663 876 2730 καί
900 2668 957 2744 είς
979 2663 1071 2745 τοῦς
1104 2667 1181 2737 τὸν

159 2766 279 2836 αὐτὸν
301 2769 423 2854 λόγον
447 2775 610 2857 ἔχοντας
639 2766 804 2854 [αὐτοῖς]
833 2767 977 2855 μεταξὺ
1005 2771 1179 2844 κατὰτὸ

159 2873 320 2960 συνεχὲς
342 2871 546 2961 ἀνάλογον
569 2877 846 2960 ἐμπεσοῦνται.

226 2978 301 3047 Λῦο
337 2979 403 3066 γὰρ
440 2978 599 3068 ἀριθμῶν
632 2984 701 3049 τῶν
732 2988 775 3067 A,
795 2989 824 3048 Β
860 2981 984 3068 μεταξὺ
1017 2981 1103 3051 κατὰ
1138 2985 1181 3055 τὸ

105 3111 139 3160 25
159 3085 294 3174 συνεχὲς
325 3083 496 3174 ἀνάλογον
531 3087 780 3174 ἐμπιπτέτωσαν
813 3086 956 3176 ἀριθμοί
989 3092 1023 3156 οί
1055 3095 1099 3176 Γ,
1131 3102 1180 3180 Δ,

230 3305 254 3354 2
251 3293 515 3387 μετρεῖᾶριθμόν
533 3301 594 3369 Vq).
681 3302 762 3355 καίε
765 3298 838 3370 ίσιν]
863 3316 917 3356 om.
937 3320 967 3369 φ.
1055 3307 1080 3355 3.
1101 3298 1177 3360 οῦδὲ

159 3365 174 3423 6
202 3365 303 3438 Ζᾶρα
326 3367 377 3424 τὸν
402 3372 426 3425 Θ
448 3371 560 3443 μετρεῖ]
589 3388 643 3426 om.
667 3371 697 3426 Ρ.
789 3378 814 3425 6.
841 3376 941 3440 μετρεῖ
964 3371 1055 3456 Bth.
1151 3381 1180 3430 8.

160 3436 239 3511 εξῆς]
260 3457 314 3495 om
333 3440 363 3497 P.
454 3449 478 3498 9.
499 3440 531 3497 ἔτ
530 3441 661 3514 χάτον]
653 3460 683 3496 1n
705 3459 759 3496 ras.
778 3442 811 3498 V
904 3447 945 3498 10
970 3440 1053 3498 δεῦτε
1056 3444 1156 3514 ρον]
1147 3464 1180 3500 1n

159 3527 212 3565 ras.
232 3512 265 3566 V.
340 3517 381 3565 12.
401 3513 467 3583 καί]
492 3531 545 3568 om
570 3533 601 3581 φ.
674 3519 716 3567 14.
737 3507 788 3584 οῦ]
812 3509 964 3582 μήΒνφ.
1038 3519 1080 3568 15.
1104 3517 1182 3572 Post
