2446 3938
138 188 203 251 318
517 188 718 240 ΣΤΟΙΧΕΙΩΝ
738 183 776 256 η’.

194 327 369 397 Ἔστωσαν
402 328 464 397 δύο
494 326 604 415 ὅμοιοι
632 331 782 396 ἐπίπεδοι
809 325 951 416 ἀριθμοὶ
979 333 1017 397 οἱ
1044 338 1094 415 A,
1119 338 1161 418 Β,

138 435 193 500 καὶ
225 439 286 501 τοῦ
319 434 379 520 μὲν
408 444 440 501 A
469 433 609 520 πλευραὶ
637 439 788 501 ἕστασαν
816 436 851 501 οἱ
876 439 915 519 Γ,
934 441 969 500 A
996 433 1160 525 άριθμοί,

138 543 200 606 τοῦ
232 538 269 606 δὲ
297 546 325 605 Β
355 543 390 606 οἱ
416 548 459 624 Ε,
480 547 514 606 Ζ.
560 540 617 606 καὶ
646 539 716 606 ἐπεὶ
744 541 856 624 ὅμοιοι
884 541 1042 609 ἐπίπεδοί
1069 547 1161 612 εἰσιν

139 647 174 711 οἱ
203 642 374 731 ἀνάλογον
401 651 531 732 ἔχοντες
558 643 617 724 τὰς
644 644 803 733 πλευράς,
836 650 926 713 ἔστιν
959 643 1028 734 άρα
1062 645 1112 729 ὥς
1140 647 1160 718 6

102 756 170 818 51*
191 750 275 837 πρὸς
301 751 362 820 τὸν
386 761 434 836 A,
463 749 569 830 οὕτως
596 748 614 817 6
639 758 671 817 E
696 751 779 838 πρὸς
801 750 860 819 τὸν
883 759 919 818 Ζ.
965 753 1055 841 λέγω
1079 748 1160 842 οὖν,

138 857 280 924 ὅτιτῶν
302 867 343 942 A,
362 863 391 923 Β
415 850 462 935 εἷς
484 857 583 942 μέσος
606 855 779 942 ἀνάλογόν
802 859 892 925 ἐστιν
913 857 1074 946 ἀριθμός,
1100 863 1160 929 παλ

138 959 156 1028 6
184 971 216 1028 A
247 960 329 1047 πρὸς
356 960 415 1028 τὸν
444 969 471 1027 Β
506 966 706 1029 διπλασίονα
734 961 837 1048 λόγον
866 967 930 1049 ἔχει
963 961 1051 1053 ἥπερ
1080 964 1102 1034 6
1132 973 1166 1035 Γ

137 1065 220 1153 πρὸς
250 1065 311 1134 τὸν
340 1073 371 1132 Ε
396 1062 417 1152 ἢ
446 1064 464 1134 ὁ
495 1077 527 1133 A
554 1066 636 1153 πρὸς
663 1067 724 1135 ’τὸν
747 1075 789 1153 Ζ,
817 1069 987 1136 τουτέστιν
1016 1068 1107 1159 ἥπερ
1136 1071 1159 1160 ἡ

137 1169 302 1258 ὁμόλογος
324 1171 450 1259 πλευρά
475 1169 558 1261 πρὸς
580 1171 642 1258 τὴν
667 1171 835 1260 ὁμόλογον
859 1173 1048 1261 [πλευράνλ

86 1300 118 1347 10
204 1279 273 1345 Καὶ
302 1282 375 1346 ἐπεί
399 1281 488 1346 ἐστιν
517 1276 563 1357 ὡς
585 1278 604 1346 6
628 1285 660 1346 Γ
682 1277 764 1365 πρὸς
786 1278 846 1346 τὸν
871 1288 918 1366 A,
948 1280 1057 1361 οὕτως
1082 1279 1102 1350 6
1130 1291 1165 1352 E

136 1385 219 1474 πρὸς
245 1384 305 1452 τὸν
334 1393 376 1469 Ζ,
409 1384 549 1465 ἐναλλάξ
577 1384 643 1472 άμα
671 1387 761 1454 ἐστὶν
790 1383 835 1465 ὡς
867 1384 885 1454 6
920 1393 953 1454 Γ
979 1385 1065 1475 πρὸς
1092 1387 1160 1457 τὸν

137 1499 181 1576 Ε,
210 1488 228 1557 6
258 1498 290 1557 A
316 1488 399 1575 πρὸς
425 1489 485 1556 τὸν
509 1497 545 1557 Ζ.
590 1490 646 1556 καὶ
673 1491 742 1557 ἐπεὶ
771 1491 925 1570 ἐπίπεδός
948 1495 1040 1560 ἐστιν
1066 1492 1086 1562 6
1112 1504 1160 1582 A,

135 1595 275 1680 πλευραὶ
304 1594 341 1661 δὲ
369 1593 475 1662 αὐτοῦ
499 1597 534 1661 οἱ
555 1600 598 1679 Γ,
618 1605 665 1681 A,
689 1594 707 1664 6
732 1605 765 1663 A
793 1597 858 1684 άρα
884 1596 944 1664 τὸν
971 1603 1004 1664 Γ
1028 1607 1160 1668 πολλα-

136 1700 321 1780 πλασιάσας
348 1699 407 1768 τὸν
430 1708 463 1766 Α
486 1708 673 1787 πεποίηκεν.
720 1701 777 1770 διὰ
805 1701 845 1768 τὰ
870 1701 954 1770 αὐτὰ
983 1701 1025 1788 δὴ
1050 1707 1111 1773 καὶ
1138 1707 1159 1776 6

85 1824 117 1871 ιο
137 1815 169 1873 Ε
189 1805 248 1874 τὸν
273 1814 300 1873 Ζ
323 1807 617 1887 πολλαπλασιάσας
638 1806 698 1875 τὸν
721 1815 750 1874 Β
772 1814 959 1896 πεποίηκεν.
1006 1805 1024 1875 6
1051 1819 1087 1876 A
1112 1817 1160 1900 δη

136 1910 195 1980 τὸν
224 1920 256 1979 E
281 1912 573 1992 πολλαπλασιάσας
601 1911 662 1980 τὸν
689 1920 729 1980 Η
751 1918 895 1981 ποιείτω.
945 1913 1001 1980 καὶ
1029 1917 1103 1984 ἐπεὶ
1138 1917 1160 1986 6

119 2027 170 2113 ‚A
191 2016 251 2086 τὸν
274 2018 335 2104 μὲν
358 2025 390 2085 Γ
408 2018 701 2097 πολλαπλασιάσας
724 2017 783 2086 τὸν
806 2028 838 2086 A
865 2025 1061 2106 πεποίηκεν,
1089 2023 1158 2092 τὸν

136 2124 173 2192 δὲ
205 2133 237 2192 Ε
266 2123 559 2204 πολλαπλασιάσας
590 2122 648 2191 τὸν
676 2131 716 2191 Η
737 2131 932 2210 πεποίηκεν,
963 2131 1054 2194 ἔστιν
1084 2128 1157 2218 ἄρα

135 2227 179 2310 ὡς
207 2228 225 2297 6
249 2237 279 2297 Γ
303 2229 386 2317 πρὸς
408 2228 468 2297 τὸν
491 2237 532 2314 Ε,
556 2228 662 2308 οὕτως
685 2227 703 2297 6
728 2240 759 2297 A
786 2229 868 2318 πρὸς
897 2230 958 2298 τὸν
981 2239 1023 2299 Η.
1071 2231 1155 2303 ἄλλ’
1186 2244 1189 2248 ’

82 2362 115 2410 20
134 2334 180 2415 ὡς
207 2334 224 2403 6
254 2343 286 2403 Γ
309 2335 391 2422 πρὸς
413 2334 473 2402 τὸν
497 2343 541 2420 Ε,
571 2336 705 2419 [οὕτως]
731 2333 748 2403 6
774 2345 806 2403 A
829 2335 912 2426 πρὸς
938 2335 997 2404 τὸν
1021 2345 1063 2404 Ζ·
1091 2343 1157 2410 καὶ

135 2439 180 2522 ὡς
207 2441 272 2529 &ipa
301 2440 318 2509 6
347 2450 380 2508 A
407 2439 490 2525 πρὸς
516 2444 576 2509 τὸν
599 2449 642 2528 Ζ,
671 2440 777 2523 οὕτως
805 2441 823 2511 6
851 2453 882 2511 A
910 2444 992 2531 πρὸς
1019 2443 1081 2512 τὸν
1105 2454 1154 2517 Η.

133 2547 251 2633 πάλιν,
280 2547 350 2615 ἐπεὶ
376 2543 394 2614 6
418 2554 450 2613 E
475 2549 536 2614 τὸν
569 2547 630 2633 μὲν
655 2557 688 2614 A
711 2548 1003 2628 πολλαπλασιάσας
1026 2548 1089 2618 τὸν
1113 2560 1161 2622 Η

133 2659 327 2738 πεποίηκεν,
357 2651 417 2720 τὸν
446 2653 483 2720 δὲ
507 2660 535 2719 Ζ
557 2654 851 2734 πολλαπλασιάσας
873 2653 934 2722 τὸν
957 2661 986 2720 Β
1009 2663 1152 2744 πεποίη-

133 2785 206 2843 κεν,
239 2763 329 2825 ἔστιν
362 2757 428 2846 άρα
461 2757 505 2838 ὡς
533 2756 551 2825 6
582 2767 615 2825 A
644 2758 727 2845 πρὸς
754 2760 816 2827 τὸν
845 2768 888 2845 Ζ,
923 2760 1030 2839 οὕτως
1063 2758 1081 2828 6
1112 2770 1158 2831 H

80 2891 113 2940 ‘25
132 2864 215 2949 πρὸς
241 2863 303 2930 τὸν
330 2871 368 2931 Β.
415 2868 550 2950 ἐδείχθη
580 2863 617 2930 66
643 2865 699 2931 καὶ
728 2863 773 2944 ὡς
800 2862 818 2932 6
849 2875 891 2931 A*
909 2864 993 2954 πρὸς
1019 2865 1082 2933 τὸν
1108 2876 1152 2956 Ζ,

132 2966 239 3048 οὕτως
267 2965 285 3036 6
310 2979 342 3036 A
364 2969 447 3057 πρὸς
469 2968 529 3037 τὸν
552 2977 600 3036 Η·
627 2971 683 3036 καὶ
707 2967 752 3048 ὡς
775 2968 841 3059 άρα
866 2967 883 3037 6
912 2979 945 3037 A
971 2969 1055 3059 πρὸς
1083 2973 1152 3042 τὸν

131 3083 181 3163 Η,
211 3073 318 3154 οὕτως
346 3073 363 3143 6
393 3082 432 3142 H
454 3073 539 3161 πρὸς
560 3073 620 3143 τὸν
644 3083 681 3143 Β.
728 3079 763 3143 οἱ
789 3084 835 3160 A,
854 3082 899 3159 H,
918 3082 947 3141 B
974 3077 1040 3163 ἄρα
1068 3078 1153 3165 ἑξῆς

132 3181 304 3268 άνάλογόν
329 3187 423 3250 εἰσιν.
463 3184 530 3248 τῶν
558 3189 651 3268 Α,Β
682 3180 748 3268 άρα
772 3175 819 3260 εἷς
846 3183 946 3267 μέσος
973 3180 1152 3270 ἀνάλογόν

132 3292 221 3355 ἐστιν
246 3287 400 3376 άριθμός.

204 3454 226 3499 1.
247 3444 383 3518 ἀριθμοί]
408 3464 461 3502 om.
480 3447 544 3515 Vm.
636 3454 660 3501 9.
679 3443 817 3518 πλευράν]
842 3464 895 3501 om.
914 3446 945 3501 P.
1038 3452 1080 3500 11.
1104 3451 1150 3521 Γ]

129 3516 272 3586 λοπισφ.
330 3524 372 3572 13.
386 3512 616 3580 πολυπλασιάσας
629 3519 659 3572 P.
716 3524 758 3572 14.
774 3520 910 3585 πεποίηκε
926 3517 992 3584 th.
1046 3523 1089 3572 15.
1107 3524 1151 3590 Ζ]
