2446 3938
138 182 203 248 194
515 185 716 237 Σνοῐεσωωι
735 181 770 249 ς’.
815 210 817 214 -

137 339 220 415 τρεῖ,
253 325 309 391 καὶ
342 324 360 392 6
392 332 432 392 Η
458 324 525 414 ἄρα
554 322 614 392 τὸν
642 331 709 391 ΒΕ
738 339 861 412 μετρεῖ·
894 338 1008 413 μετρεῖ
1034 324 1073 392 66
1099 325 1156 392 κοιλ

138 431 218 500 ὅλον
251 429 311 498 τὸν
343 438 422 498 BA·
454 432 510 497 κοιλ
542 428 662 498 λοιπὸν
694 429 761 518 ἄρα
797 429 857 498 τὸν
890 438 960 498 ΑΕ
990 430 1156 518 μετρήσει.

138 538 156 606 6
182 537 219 604 δὲ
240 544 309 604 AE
329 533 390 604 τὸν
414 545 480 604 AZ
504 550 626 624 μετρεῖ·
655 537 752 604 καὶὸ
777 543 817 603 Η
834 535 901 624 ἅροι
923 536 985 605 τὸν
1010 545 1076 604 AZ
1100 563 1155 624 μεο

136 642 264 731 τρήσει·
289 656 403 730 μετρεῖ
424 642 462 710 66
484 643 540 710 καὶ
563 641 645 710 ὅλον
668 641 729 710 τὸν
754 649 834 709 ΛΓ·
865 643 921 709 ιιοιὶ
945 642 1065 710 λοιπὸν
1089 640 1157 730 ἄρα

101 765 117 814 5
137 747 196 817 τὸν
220 754 280 815 ΓΖ
303 747 458 836 μετρήσει
482 746 499 816 6
524 754 643 834 μείζων
666 746 726 816 τὸν
750 750 928 816 ἐλάσσονα·
958 745 1039 836 ὅπερ
1063 748 1156 816 ἐστὶν

136 854 320 922 ἀδύνατον·
352 851 415 921 οὐκ
438 852 504 940 ἄρα
527 852 606 932 τοὺς
629 862 710 940 AB,
730 860 791 922 ΓΔ
814 851 984 940 ἀριθμοὺς
1007 850 1156 941 ἀριθμός

135 988 184 1042 τις
207 960 361 1049 μετρήσει
385 966 504 1045 μείζων
528 955 576 1028 ὢν
600 965 661 1028 τοῦ
684 967 758 1028 ΓΖ·
783 957 800 1027 6
826 967 886 1027 ΓΖ
905 958 971 1046 ἄρα
989 964 1058 1026 τῶν
1077 968 1156 1046 AB,

136 1073 199 1135 ΓΛ
227 1065 384 1152 μέγιστόν
409 1068 477 1133 ἐστι
504 1063 623 1134 κοινὸν
652 1068 773 1154 μέτρον
803 1064 897 1152 [ὅπερ
926 1070 993 1133 ἔδει
1023 1068 1154 1151 δεῖξαι]

550 1258 744 1348 Πόρισμα.

82 1401 116 1449 10
177 1384 232 1453 Ἐκ
256 1384 298 1471 δή
321 1383 444 1451 τούτου
467 1382 628 1470 φανερόν,
652 1381 704 1451 ὅτι
724 1383 782 1452 ἐὰν
801 1381 947 1473 ἀριθμὸς
971 1384 1034 1452 δύο
1054 1381 1154 1473 ιἰριθ-

135 1490 219 1578 μοὺς
247 1493 363 1577 μετρῇ,
396 1488 452 1554 καὶ
479 1487 517 1555 τὸ
550 1491 707 1574 μέγιστον
735 1489 848 1560 αὐτῶν
878 1489 995 1559 κοινὸν
1029 1491 1155 1579 μέτρον

135 1595 302 1682 μετρήσει·
327 1593 408 1680 ὅπερ
433 1598 501 1661 ἔδει
525 1597 639 1676 δεῖξαι.

619 1817 663 1876 y.

205 1917 332 2001 Τριῶν
355 1912 538 2002 ἀριθμῶν
563 1915 768 1982 δοθέντων
791 1914 839 2001 μή
864 1914 1034 1997 πρώτων
1054 1913 1155 2003 πρὸς

83 2033 116 2082 15
135 2016 333 2106 ἀλλήλους
365 2019 406 2087 τὸ
445 2022 635 2107 μέγιστον
673 2019 802 2089 αὐτῶν
834 2018 974 2089 κοινὸν
1008 2022 1154 2110 μέτρον

135 2126 280 2214 εὑρεῖν.

191 2232 366 2300 Ἔστωσαν
400 2237 435 2301 οί
466 2235 625 2312 δοθέντες
656 2247 745 2321 τρεῖς
777 2230 918 2321 ἀριθμοὶ
951 2233 995 2320 μὴ
1025 2237 1154 2321 πρῶτοι

134 2338 217 2425 πρὸς
244 2337 411 2424 ἀλλήλους
440 2342 474 2406 οῖ
500 2348 547 2423 A,
565 2345 669 2424 Β,Τ·
701 2343 755 2406 δεῖ
776 2337 817 2426 δή
840 2344 909 2408 τῶν
932 2349 979 2426 A,
999 2346 1043 2426 B,
1062 2345 1095 2406 Γ
1112 2339 1153 2409 τὸ

134 2448 291 2532 μέγιστον
314 2445 432 2513 κοινὸν
455 2446 577 2532 μέτρον
601 2442 723 2533 εὑρεῖν.

80 2573 115 2621 20
201 2550 367 2638 Εἰλήφθω
396 2550 460 2639 γὰρ
490 2551 552 2619 δύο
575 2555 644 2620 τῶν
668 2561 709 2634 A,
729 2559 757 2618 Β
781 2550 818 2620 τὸ
847 2553 1004 2639 μέγιστον
1031 2551 1153 2620 κοινὸν

135 2658 256 2745 μέτρον
280 2656 298 2724 6
323 2665 368 2723 A·
393 2654 411 2724 6
436 2656 478 2742 δή
499 2665 532 2723 A
553 2655 614 2724 τὸν
636 2663 668 2724 Γ
687 2655 762 2743 ήτοι
785 2672 899 2745 μετρεῖ
919 2655 940 2745 ή
965 2656 1006 2727 οὐ
1030 2673 1153 2747 μετρεῖ.

134 2767 290 2850 μετρείτω
318 2761 496 2849 πρότερον·
528 2777 641 2851 μετρεῖ
672 2764 709 2831 δέ
740 2765 796 2831 καὶ
828 2763 906 2845 τοὺς
933 2775 976 2850 A,
999 2773 1039 2834 B·
1068 2766 1087 2834 6
1117 2775 1153 2832 A

134 2865 199 2955 ἄρα
231 2865 310 2946 τοὺς
343 2876 389 2952 A,
408 2875 451 2953 B,
471 2874 504 2934 Γ
530 2883 653 2958 μετρεῖ·
687 2867 705 2938 6
739 2879 772 2937 A
804 2869 871 2958 ἄρα
902 2875 970 2940 τῶν
1001 2881 1044 2958 Α,
1063 2879 1104 2956 Β,
1123 2879 1158 2940 Γ

134 2970 253 3041 κοινὸν
286 2973 406 3059 με’τρον
440 2976 539 3043 έστίν.
594 2976 678 3062 λέγω
718 2975 775 3063 δή,
813 2976 865 3045 ὅτι
896 2978 953 3045 καὶ
985 2979 1156 3064 μέγιστον.

206 3159 230 3206 3.
251 3157 357 3221 μετρεῖ·
378 3152 444 3223 καί]
464 3169 535 3206 corr.
556 3169 589 3206 ex
604 3149 737 3238 μετρήσει
751 3171 787 3208 m.
805 3161 819 3208 1
835 3173 861 3240 ρ.
916 3151 968 3210 τὸν
983 3161 1009 3209 A
1014 3159 1035 3209 Z
1049 3149 1106 3224 ἄρα
1120 3157 1152 3213 F.

134 3219 280 3294 μετρήσει]
301 3229 402 3292 μετρεῖ
414 3223 445 3276 Ρ.
535 3229 560 3279 4.
580 3223 641 3294 τον]
669 3241 738 3278 corr.
764 3241 798 3279 ex
816 3245 847 3279 το
865 3243 902 3280 m.
924 3231 938 3280 1
958 3244 984 3296 p.
1076 3229 1150 3299 ΔΓ]

135 3295 185 3344 ΓΔ
203 3311 230 3360 p.
319 3299 342 3347 5.
364 3289 450 3366 ἐστίν]
473 3311 526 3349 om.
546 3293 578 3348 Β.
665 3301 689 3350 8.
711 3291 786 3350 έσιιν
804 3295 864 3351 PV.
953 3303 995 3351 10.
1014 3297 1099 3351 τοῦτο
1119 3299 1152 3363 Ρ,

134 3363 182 3415 sed
202 3379 272 3416 corr.
356 3369 397 3417 12.
418 3359 488 3432 ὅπερ
508 3363 568 3419 ἔδει
586 3366 691 3436 δεῖξαι]
711 3365 747 3433 Ρ;
766 3383 821 3421 om.
840 3367 955 3436 BFVp.
1037 3373 1080 3424 19.
1100 3367 1151 3439 μέ-

132 3432 211 3502 τρον]
237 3433 281 3486 bis
299 3451 327 3502 p.
419 3441 461 3490 20.
482 3433 534 3489 δύο
553 3431 606 3504 γάρ
625 3455 652 3505 p.
740 3442 783 3493 22.
807 3439 1016 3563 μετρεῖ]Ρ(ο1λ.)
1039 3455 1094 3494 om.
1118 3440 1151 3495 F.

169 3509 212 3558 24.
232 3499 318 3574 ἐστίν]
340 3519 430 3573 comp.
449 3505 508 3574 Fp3
528 3502 590 3560 ἐστί
604 3505 692 3562 PBV.
766 3505 819 3579 δή]
840 3525 893 3564 om.
938 3552 944 3565 .
