2446 3938
106 189 147 254 16
405 188 415 201 “
448 198 450 203 “
483 189 686 242 ΣΤΟΙΧΕΙΩΝ
704 183 740 242 ε’.

103 333 165 399 τοῦ
189 326 292 416 Α,τό
322 329 360 396 δὲ
381 333 411 396 Ζ
434 332 495 397 τοῦ
518 334 561 415 Γ,
588 328 644 396 καὶ
672 324 822 414 εἰληπται
848 331 917 395 τῶν
940 333 1022 413 Ε,Ζ
1047 327 1117 392 ἰσά-

104 461 155 514 κις
174 433 406 503 πολλαπλάσια
424 433 465 502 τά
483 441 527 520 Κ,
542 441 592 521 A,
614 432 723 514 ἰσάκις
746 432 813 522 άρα
836 433 905 502 ἐστὶ
927 431 1117 501 πολλαπλά-

107 559 182 608 σιον
209 538 248 608 τὸ
277 546 312 608 Κ
337 543 399 608 τοῦ
426 549 459 608 A
485 541 542 608 καί
573 537 612 608 τὸ
646 546 678 607 A
704 543 766 608 τοῦ
794 546 831 607 Γ.
874 537 930 607 διά
963 535 1003 606 τά
1031 536 1118 606 αὐτὰ

106 645 148 731 δὴ
174 645 283 725 ἰσάκις
306 647 375 714 έστί
397 646 651 714 πολλαπλάσιον
679 643 715 714 τὸ
740 653 785 714 Μ
801 649 863 714 τοῦ
885 653 914 714 Β
937 645 994 712 καί
1021 641 1059 712 τὸ
1082 649 1123 710 Ν

71 755 167 820 οτοῦ
191 760 232 818 A.
273 752 330 818 καὶ
358 754 431 820 ἰπεί
460 754 550 819 ἐστιν
579 749 624 831 ὡς
646 750 684 820 τὸ
710 761 742 819 A
769 749 853 840 πρὸς
875 749 913 820 τὸ
937 759 983 837 Β,
1012 746 1120 828 οὑτως

105 854 144 925 τὸ
168 863 200 925 Γ
217 857 302 945 πρὸς
323 857 361 927 τὸ
391 867 439 944 A,
466 858 522 925 καὶ
547 842 697 944 εἴληπται
719 862 788 926 τῶν
811 858 873 945 μέν
896 866 943 942 Α,
957 861 990 924 Γ
1009 848 1119 933 ἰσάκις

106 963 338 1032 πολλαπλάσια
359 963 399 1032 τά
424 971 468 1050 Κ,
483 972 530 1050 Λ,
553 967 622 1032 τῦν
646 963 683 1032 δὲ
706 971 751 1051 Β,
767 973 800 1031 Δ
823 962 919 1047 άλλα,
946 959 968 1029 ά
992 965 1119 1048 ἔτυχεν,

107 1067 216 1150 ἰσάκις
238 1069 471 1138 πολλαπλάσια
493 1068 533 1136 τά
562 1077 613 1156 Μ,
628 1077 674 1155 Ν,
698 1074 729 1138 εἰ
751 1067 816 1157 άρα
839 1067 991 1156 ὑπερέχει
1019 1065 1057 1134 τὸ
1086 1072 1122 1134 K

106 1179 167 1242 τοῦ
190 1183 245 1263 Μ,
268 1174 422 1264 ὑπερέχει
444 1174 500 1242 καὶ
522 1173 560 1242 τὸ
585 1181 616 1242 A
639 1178 700 1243 τοῦ
719 1183 765 1262 Ν,
787 1175 844 1243 καὶ
867 1179 897 1242 εἰ
920 1182 1006 1257 ἰσον,
1031 1179 1119 1258 ἰσον,

66 1281 162 1350 ,0καί
190 1286 221 1348 εἰ
249 1287 402 1368 ἔλαττον,
431 1287 577 1349 ἔλαττον.
613 1287 672 1348 καί
697 1283 766 1349 έστι
789 1279 830 1349 τά
853 1279 914 1367 μέν
938 1287 982 1366 Κ,
997 1284 1029 1346 A
1051 1281 1120 1346 νῦν

107 1393 148 1469 Ε,
163 1393 190 1452 Ζ
210 1386 319 1466 ἰσάκις
336 1384 578 1471 πολλαπλάσια,
596 1384 637 1452 τὰ
657 1385 695 1453 δὲ
713 1393 763 1472 Μ,
778 1392 817 1452 Ν
835 1389 903 1454 τῶν
918 1391 964 1470 Η,
979 1391 1008 1451 Θ
1021 1382 1118 1468 άλλα,

108 1486 129 1556 ά
158 1495 289 1577 ἔτυχεν,
322 1491 431 1571 ἰσάκις
462 1489 707 1559 πολλαπλάσια·
740 1495 829 1558 ἔστιν
857 1488 923 1578 άρα
952 1487 997 1568 ῦς
1023 1487 1060 1556 τὸ
1090 1496 1123 1556 Ε

108 1593 192 1682 πρὸς
214 1594 251 1663 τὸ
275 1603 324 1682 Η,
349 1595 455 1677 οῦτοος
477 1595 514 1665 τὸ
540 1603 567 1663 Ζ
590 1595 675 1684 πρὸς
696 1594 734 1665 τὸ
758 1604 794 1665 Θ.

172 1699 251 1768 Ἐάν
279 1699 345 1788 άρα
372 1706 517 1789 πρῶτον·
533 1699 617 1791 πρὸς
645 1701 804 1792 δεύτερον
831 1701 894 1771 τὸν
926 1698 1031 1770 αὑτὸν
1062 1706 1119 1790 ἔχη

66 1826 90 1876 ιο
108 1808 212 1892 λόχον
235 1807 291 1874 καί
314 1812 427 1893 τρίτον
445 1807 529 1896 πρὸς
547 1809 716 1896 τέταρτον,
739 1809 795 1876 καί
813 1809 854 1876 τά
872 1805 981 1885 ἰσάκις
998 1814 1121 1875 πολλα-

109 1911 233 1980 πλάσια
263 1916 325 1981 τοῦ
357 1939 392 1980 τε
423 1915 558 2002 πρώτον
589 1915 645 1982 καί
676 1921 793 2004 τρίτον
824 1912 907 2003 πρὸς
937 1912 978 1982 τά
1011 1912 1121 1994 ἰσάκις

109 2017 342 2087 πολλαπλάσια
368 2023 430 2088 τοῦ
459 2022 617 2109 δευτέρον
644 2021 700 2088 καί
731 2021 892 2109 τετάρτου
918 2018 978 2089 τὸν
1011 2017 1117 2088 αὑτὸν

77 2144 83 2156 ”
110 2124 174 2205 ἕξει
189 2122 293 2210 λόγον
307 2122 387 2193 καθ’
409 2123 593 2196 ὁποιονοῦν
607 2125 927 2213 πολλαπλασιασμὸν
945 2127 1122 2214 ληφθέντα

109 2229 309 2318 κατάλληλα·
334 2230 422 2319 ὅπερ.
439 2237 507 2300 ἔδει
531 2234 644 2312 δεῖξαι.

66 2408 93 2456 ιο
597 2388 635 2457 ε’.

174 2493 262 2561 Ἐάν
300 2495 470 2580 μέγεθος
513 2496 709 2581 μεγέθους
751 2497 882 2577 ἰσάκις
918 2489 939 2585 ᾖ
975 2505 1122 2566 πολλα-

110 2600 296 2686 πλάσιον,
329 2597 423 2688 ὅπερ
457 2598 680 2690 ἀφαιρεθὲν
713 2601 1022 2691 ἀφαιρεθέντος,
1056 2603 1121 2670 καί

110 2704 152 2772 τὸ
181 2704 325 2773 λοιπὸν
348 2709 418 2773 τοῦ
441 2712 584 2775 λοιποῦ
608 2707 739 2788 ἰσάκις
768 2714 878 2777 ἔσται
900 2707 1123 2777 πολλαπλά-

113 2829 217 2895 σιον,
242 2808 488 2881 ὁσαπλάσιόν
512 2816 595 2881 ἐστι
617 2811 660 2882 τὸ
684 2811 779 2882 ὅλον
802 2819 873 2882 τοῦ
897 2798 1061 2917 ὅλονέ]

525 2912 530 2925 ’
1016 2920 1029 2945 Ι

185 2960 207 3006 1.
227 2953 295 3024 τῶν]
320 2949 351 3007 τῦ
374 2953 409 3021 F3
434 2971 502 3010 corr.
527 2973 563 3010 m.
583 2971 638 3009 reo.
728 2962 753 3010 2.
773 2951 992 3026 πολλαπλάσιον]
1021 2959 1124 3010 πολλα-

112 3019 217 3077 πλάσια
246 3023 285 3091 V,
310 3040 379 3080 corr.
402 3043 439 3080 m.
465 3032 488 3080 1.
580 3031 605 3078 5.
634 3018 707 3080 οῦτοι
732 3027 763 3081 Ρ.
854 3033 878 3080 6.
898 3024 962 3096 μέν]
993 3042 1047 3082 om.
1066 3027 1122 3096 Bp.

149 3100 172 3146 7.
193 3088 226 3164 ά]
246 3113 278 3149 su
299 3113 331 3150 ra
347 3096 378 3153 F.
470 3103 512 3152 10.
531 3095 600 3150 Post
628 3094 743 3151 ἔλαττον
770 3098 800 3150 in
822 3097 844 3150 P
866 3097 1046 3166 repetuntur:
1074 3097 1125 3152 καλ

114 3161 176 3219 ἐπεὶ
198 3112 332 3234 ὑπερέχει
354 3163 386 3220 τὸ
411 3171 439 3220 K
460 3167 510 3220 τοῦ
529 3170 566 3220 Μ
580 3165 629 3219 καὶ
647 3163 679 3220 τὸ
699 3168 791 3221 Λτοῦ
811 3169 843 3220 N
859 3167 908 3220 καί
932 3166 960 3222 εἰ
981 3169 1043 3222 ἰοον
1062 3169 1125 3223 ἰσον

112 3235 161 3288 καί
176 3233 204 3288 εἰ
217 3235 330 3291 ἔλαττον
345 3235 469 3291 ἔλαττον.
533 3233 609 3292 ἔστιν
622 3236 655 3293 Ρ.
726 3242 751 3292 Λ
779 3239 1007 3295 ecorr.m.2F.
1082 3245 1124 3294 12.

113 3298 147 3376 ά]
176 3322 261 3375 supra
283 3325 319 3362 m.
349 3313 365 3361 2
393 3307 422 3361 P.
515 3313 556 3362 16.
581 3326 611 3362 τε
637 3305 747 3377 πράτον
784 3304 919 3376 τετάρτου
946 3330 968 3378 φ
989 3312 1061 3395 finon
1083 3310 1124 3378 F).

811 3374 819 3395 2

114 3381 156 3430 1⁷.
176 3373 249 3431 καθ’
266 3372 420 3432 ὁποιονοῦν
435 3376 700 3448 πολλαπλασιασμὸν
714 3376 763 3433 τὸν
782 3375 871 3433 αντῦν
892 3377 949 3445 ἔξει
963 3384 1048 3450 λογον
1062 3381 1125 3450 Bp3

113 3446 162 3502 cfr.
170 3465 198 3516 p.
210 3445 426 3503 14lin.14-15.
465 3455 505 3504 19.
517 3448 625 3574 δεῖξαιχ
633 3466 702 3505 corr.
711 3466 744 3505 ex
754 3450 871 3518 ποιῆσαι
879 3450 913 3505 V.
941 3450 1048 3506 Deinde
1059 3451 1125 3506 add.

113 3515 223 3572 Theon:
243 3513 307 3574 ἐπεὶ
320 3510 372 3574 οῦν
387 3514 514 3588 ἐδείχθη,
529 3515 582 3589 ὅτι,
598 3538 610 3574 ε
632 3516 769 3590 ’ὑπερέχει
782 3517 814 3576 τὸ
830 3525 858 3575 Κ
871 3523 921 3576 τοῦ
936 3526 976 3592 Μ,
991 3518 1126 3592 ὑπερέχει

72 3692 75 3697 ,
143 3627 191 3741 η
221 3604 712 3721 κραιπάλη.
