2446 3938
141 193 207 259 238

617 405 681 475 κδ’.

6 484 61 630 ’,Ζ
205 527 293 600 Ἐάν
321 531 393 609 δύο
422 529 591 621 ἀριθμοὶ
618 530 715 621 πρός
745 558 833 600 τινα
857 530 1034 622 ἀριθμὸν
1056 542 1168 624 πρῶ·

6 622 59 716 d
139 662 201 705 τοι
225 631 338 725 ὦσιν,
361 639 425 707 καὶ
450 636 467 706 5
492 640 529 719 ἐξ
558 636 689 707 αὐτῶν
717 638 935 735 χμενόενος
960 640 1061 731 πρὸς
1088 643 1164 713 τὸν

140 742 263 813 αὐτὸν
286 749 439 833 πρῶτος
462 749 581 812 ἔσται.

104 875 119 925 5
207 851 283 920 Δύο
315 852 380 940 γὰρ
414 849 555 940 ἀριθμοὶ
588 854 624 919 οἱ
650 858 749 937 Α,Β
781 851 866 939 πρός
897 878 974 927 τινα
1006 851 1164 943 ἀριθμὸν

137 958 198 1027 τὸν
226 966 259 1027 Γ
286 963 412 1048 πρῶτοι
440 963 604 1042 ἔστωσαν,
632 957 688 1025 καλ
716 953 734 1024 5
764 966 796 1024 A
822 956 883 1026 τὸν
911 966 940 1026 Β
968 969 1162 1031 πολλαπλα-

138 1066 255 1145 σιάσας
286 1064 347 1132 τὸν
376 1073 409 1132 A
440 1069 588 1133 ποιείτω·
621 1064 722 1149 λε’νιο,
756 1063 808 1131 ὅτι
842 1067 876 1131 ολ
906 1070 945 1150 Γ,
965 1074 998 1132 Δ
1029 1072 1162 1156 πρῶτοι

137 1169 220 1260 πρὸς
242 1169 408 1258 ἀλλήλους
430 1175 524 1238 εἰσίν.

204 1282 249 1346 Εἰ
270 1275 335 1367 γὰρ
359 1276 404 1364 μή
428 1280 514 1345 εἰσιν
539 1279 574 1343 ολ
595 1282 633 1360 Γ,
653 1284 686 1342 A
713 1279 840 1363 πρῶτοι
867 1275 951 1364 πρὸς
978 1275 1160 1366 ἀλλήλους,

84 1414 117 1464 10
137 1384 292 1472 μετρήσει
325 1388 401 1468 [τις]
434 1380 512 1462 τοὺς
544 1389 585 1468 Γ,
608 1390 642 1449 A
678 1380 833 1471 ἀριθμός.
888 1389 1061 1472 μετρείτω,
1098 1389 1159 1456 καὶ

136 1496 220 1560 ἔστω
245 1488 263 1557 5
286 1496 325 1558 E.
370 1488 426 1556 καλ
450 1488 519 1556 ἐπεὶ
543 1490 578 1555 ολ
599 1495 643 1574 Γ,
661 1498 694 1556 A
721 1493 849 1576 πρῶτοι
876 1487 960 1578 πρὸς
987 1489 1159 1578 ἀλλήλους

136 1601 237 1682 εἰσίν,
270 1595 329 1664 τὸν
358 1595 396 1663 δὲ
422 1601 454 1663 Γ
482 1608 595 1683 μετρεῖ
620 1620 669 1675 τις
698 1593 843 1684 ἀριθμὸς
871 1591 889 1664 5
919 1603 963 1682 E,
992 1599 1027 1664 ολ
1053 1608 1099 1685 Α,
1126 1608 1161 1667 Ε
1207 1670 1210 1675 ,

135 1701 202 1790 ἀρα
224 1707 351 1790 πρῶτοι
374 1699 457 1789 πρὸς
479 1700 647 1788 ἀλλήλους
670 1705 765 1769 εἰσίν.
802 1698 919 1781 ὁσάκις
943 1701 984 1789 δή
1006 1700 1023 1771 ὁ
1044 1712 1077 1772 Ε
1092 1705 1157 1774 τὸν

135 1817 169 1876 A
201 1822 323 1898 μετρεῖ,
350 1813 510 1876 τοσαῦται
537 1809 682 1895 μονάδες
709 1811 859 1874 ἔστωσαν
888 1810 925 1876 ἐν
953 1813 998 1900 τῷ
1024 1817 1063 1876 Ζ·
1097 1815 1157 1881 καὶ

82 1913 153 1991 155
179 1922 206 1983 Ζ
229 1914 296 2003 ἀρα
323 1913 383 1984 τὸν
408 1923 441 1982 A
464 1927 578 2003 μετρεῖ
602 1913 685 1981 κατὰ
714 1913 774 1994 τὰς
797 1915 834 1982 ἐν
862 1919 908 2007 τῷ
932 1922 964 1982 Ε
992 1916 1155 2002 μονάδας.

135 2019 152 2090 ὁ
185 2030 218 2090 Ε
248 2021 314 2109 ἀρα
341 2020 401 2091 τὸν
434 2029 462 2089 Ζ
488 2019 783 2099 πολλαπλασιάσας
810 2020 871 2089 τὸν
903 2030 936 2088 A
963 2027 1156 2110 πεποίηκεν.

134 2126 217 2198 ἀλλά
252 2127 320 2216 μήν
351 2128 408 2197 παὶ
440 2125 457 2196 5
486 2137 519 2195 A
547 2125 606 2195 τὸν
638 2134 667 2194 Β
700 2126 995 2208 πολλαπλασιάσας
1024 2127 1086 2197 τὸν
1119 2139 1156 2198 A

133 2241 325 2322 πεποίηκεν·
359 2243 432 2315 ἴσος
462 2231 529 2322 ἀρα
562 2233 652 2300 ἐστὶν
685 2229 702 2300 5
738 2234 774 2300 ἑιι
806 2237 874 2301 τῶν
906 2241 951 2319 Ε,
976 2242 1003 2301 Ζ
1035 2239 1082 2328 τῷ
1115 2240 1155 2305 ἐκ

132 2347 200 2412 τῶν
224 2351 271 2428 A,
290 2349 328 2408 Β.
375 2338 434 2409 ἐὰν
458 2340 496 2406 δὲ
519 2336 536 2406 5
561 2335 627 2406 ὑπὸ
651 2342 720 2406 τῶν
744 2338 857 2426 ἀκρων
881 2348 954 2420 λσος
976 2332 998 2430 ή
1017 2346 1063 2434 τῷ
1083 2340 1152 2412 ὑπὸ

80 2472 114 2521 20
134 2454 203 2518 τῶν
239 2450 366 2536 μέσον,
403 2448 439 2514 οἱ
468 2446 624 2535 τέσσαρες
660 2442 803 2534 ἀριθμοὶ
839 2443 1011 2532 ἀνάλογόν
1048 2453 1152 2517 εἰσιν·

131 2561 221 2624 ἔστιν
245 2553 311 2641 ἀρα
334 2550 380 2632 (ὃς
403 2548 421 2620 5
445 2559 477 2619 E
496 2551 581 2639 πρὸς
603 2549 664 2620 τὸν
687 2561 730 2637 A,
755 2549 862 2631 οὕτως
885 2549 903 2620 5
927 2558 956 2620 B
981 2552 1064 2642 πρὸς
1088 2553 1152 2624 τὸν

131 2671 166 2730 Ζ.
214 2664 248 2729 ολ
271 2661 308 2728 δὲ
331 2669 379 2745 Α,
399 2666 431 2726 Ε
451 2662 593 2747 πρῶτοι,
622 2660 657 2727 ολ
678 2657 716 2726 δὲ
738 2661 867 2745 πρῶτοι
885 2660 941 2726 καλ
969 2656 1151 2748 ἐλάχιστοι,

131 2771 166 2835 ολ
192 2765 230 2834 δὲ
258 2764 425 2852 ἐλάχιστοι
452 2762 595 2853 ἀριθμοὶ
616 2769 685 2832 τῶν
708 2762 769 2832 τὸν
793 2763 899 2832 αὐτὸν
927 2765 1032 2852 λόγον
1055 2766 1151 2854 ἐχόν-

130 2898 198 2939 τιον
227 2869 342 2951 αὐτοῖς
369 2875 528 2960 μετροῦσι
555 2868 635 2950 τοὺς
661 2867 721 2938 τὸν
749 2870 855 2939 αὐτὸν
883 2872 987 2958 λόγον
1011 2877 1151 2959 ἔχοντας

75 2999 110 3050 25
130 2976 239 3058 ἰσάκις
272 2975 290 3046 ὅ
317 3001 353 3045 τε
381 2983 500 3064 μείζων
528 2975 589 3044 τὸν
617 2980 752 3062 μείζονα
779 2977 836 3045 καὶ
867 2975 885 3046 5
910 2978 1063 3047 ἐλάσσων
1086 2980 1150 3048 τὸν

130 3085 312 3172 ἐλάσσονα,
340 3085 512 3153 τουτέστιν
542 3079 561 3150 5'
589 3108 624 3151 τε
651 3080 839 3170 ἡγούμενος
866 3083 927 3152 τὸν
955 3082 1149 3172 ἡγούμενον

129 3251 342 3259 ---.--

202 3324 225 3372 1.
245 3313 293 3369 ις’
314 3315 403 3385 BVp,
422 3314 494 3368 Pm
514 3329 568 3368 rec.
624 3319 648 3370 2.
668 3314 741 3368 Post
754 3307 878 3383 ἀριθμοί
897 3313 960 3368 add
980 3313 1065 3383 V(1n
1078 3318 1146 3385 εει)

129 3390 210 3455 ελφε
220 3388 343 3473 πρῶτοι.
396 3358 564 3455 ἀρνθμόν]
583 3402 639 3455 mg
659 3403 695 3439 m.
715 3383 784 3438 2V.
856 3385 976 3471 πρῶτοι]
996 3401 1050 3439 om.
1076 3385 1146 3455 Vq).

164 3465 189 3513 3.
209 3448 260 3511 ἀοι
278 3457 392 3526 Pthp.
429 3456 540 3526 πρῶτος
563 3453 642 3510 ἔσται
664 3452 734 3524 πρὸς
756 3451 807 3509 τὸν
827 3449 962 3525 αὖτόνρ.
1037 3462 1061 3510 7.
1081 3475 1146 3511 ποι-

128 3526 240 3598 ήτωφ,
260 3528 309 3584 sed
328 3545 397 3582 corr
473 3531 509 3595 Γ,
529 3527 572 3596 A]
592 3543 607 3580 e
626 3543 695 3581 corr.
714 3543 751 3579 m.
771 3531 829 3596 21)
905 3533 945 3583 10.
965 3526 1019 3598 τις]
1039 3543 1094 3582 om.
1109 3527 1144 3597 Ρ,
