2446 3938
13 206 26 237 ..,
139 175 205 239 172
521 175 722 228 ΣΤοιΧΕΙοΝ
741 168 781 226 ς’.

139 316 201 402 τὴν
230 324 312 401 ΑΒ,
341 312 448 394 οὕτως
475 313 496 401 ἡ
525 322 597 382 ΑΕ
616 312 700 401 πρὸς
722 313 785 400 τὴν
809 322 882 382 ΕΒ.
933 319 1054 400 μείζων
1078 313 1160 403 δέἡ

139 430 204 489 ΑΒ
227 424 286 508 τῆς
308 429 388 488 ΑΒ·
412 426 532 506 μείζων
555 421 621 509 ἄρα
643 421 699 488 καὶ
722 420 743 506 ἡ
767 428 837 488 ΑΒ
858 422 916 507 τῆς
939 428 1011 490 ΕΒ.

202 527 248 595 Ἡ
271 528 336 617 ὀίρα
364 534 429 595 ΑΒ
463 523 581 594 εὐθεῖα
615 525 720 613 ἄκρον
751 527 808 593 καὶ
841 528 946 614 μέσον
979 526 1085 614 λόγον
1115 530 1163 596 τέ-

68 722 71 727 ,
139 659 257 720 τμηται
284 633 367 701 κατὰ
395 631 433 701 τὸ
465 641 510 718 Β,
537 634 593 700 καί
621 631 659 701 τὸ
688 638 800 719 μεῖζον
830 631 934 720 αὐτῆς
956 634 1069 722 τμῆμοί
1094 637 1164 704 ἐστι

105 737 177 808 5τό
202 747 282 807 ΑΒ·
317 737 398 827 ὅπερ
424 743 493 806 ἔδει
516 742 664 825 ποιῆσαι.

617 932 683 1000 λα’.

205 1055 266 1126 Ἐν
289 1069 373 1137 τοῖς
397 1055 667 1143 ὀρθογωνίοις
689 1055 905 1143 τριγώνοις
927 1056 970 1126 τὸ
996 1055 1070 1127 ἀπὸ
1095 1063 1165 1146 τῆς

140 1162 210 1249 τὴν
231 1162 360 1251 ὀρθὴν
379 1167 530 1249 γωνίαν
549 1161 844 1249 έποτεινούσης
862 1168 1035 1251 πλευρᾶς
1055 1162 1165 1247 εἶδος

141 1278 232 1338 ίσον
257 1269 338 1338 ἐστὶ
361 1283 448 1348 τοϊς
471 1266 545 1336 ἆπό
570 1272 646 1335 τών
669 1267 740 1354 τὴν
765 1267 897 1357 ὀρθὴν
920 1276 1073 1355 γωνίαν
1097 1296 1165 1338 πε-

89 1395 121 1444 10
141 1379 364 1464 ριεχουσών
387 1377 569 1462 πλευρῶν
593 1378 718 1443 εἴδεσι
742 1388 825 1455 τοϊς
849 1375 1009 1462 ὁμοίοις
1029 1402 1069 1444 τε
1094 1378 1163 1445 καὶ

11 1568 14 1573 Ι
142 1482 289 1568 ὁμοίως
312 1479 672 1567 ἀναγραφομένοις.

200 1585 308 1654 Ἔστω
332 1592 500 1674 τρίγωνον
525 1584 741 1673 ὀρθογώνιον
764 1586 803 1655 τὸ
828 1594 933 1656 ΑΒΓ
952 1584 1064 1674 ὀρθὴν
1084 1593 1163 1675 έχον

140 1691 202 1780 τὴν
235 1691 302 1761 νπὸ
335 1698 436 1760 ΒΑΓ
459 1697 600 1779 γωνίαν·
642 1693 744 1779 λέγω,
774 1693 825 1761 ὅτι
854 1693 892 1761 τὸ
922 1691 986 1761 ἀπὸ
1014 1696 1073 1779 τῆς
1101 1701 1168 1762 ΒΓ

141 1796 231 1879 εἶδος
260 1806 336 1867 ἴσον
364 1798 433 1868 ἐστὶ
460 1811 531 1879 τοῖς
561 1795 627 1865 ἀπὸ
661 1801 729 1866 τών
757 1806 836 1884 ΒΑ,
860 1805 930 1866 ΑΓ
958 1804 1061 1867 είὸεσι
1093 1813 1165 1880 τοίς

90 1923 122 1972 16
145 1905 276 1992 ὁμοίοις
298 1930 333 1973 τε
356 1905 412 1972 καὶ
438 1904 562 1992 ὁμοίως
585 1901 887 1990 ἀναγραφομένοις.

201 2010 317 2099 Ἤχθω
342 2011 486 2091 κάθετος
509 2037 529 2097 η
555 2018 633 2077 AA.

207 2115 296 2185 Ἐπεὶ
329 2108 392 2186 οὖν
421 2119 458 2184 έν
490 2112 691 2207 ὀρθογωνίω
719 2113 872 2206 τριγώνω
902 2118 948 2205 τῷ
972 2112 1114 2183 ΑΒΓ’
1095 2116 1161 2184 απὸ

141 2228 199 2310 της
230 2222 315 2312 πρὸς
345 2227 392 2314 τῷ
425 2231 458 2289 Α
490 2220 598 2310 ὀρθῆς
629 2219 840 2308 γωνίαςέπὶ
871 2217 934 2306 τὴν
965 2227 1031 2288 ΒΓ
1059 2221 1163 2307 βασιν

141 2331 284 2410 καθετος
312 2321 408 2416 ἦκται
436 2356 457 2415 η
486 2335 571 2413 ΑΔ,
595 2326 636 2394 τὰ
659 2335 781 2412 ΑΒΔ,
800 2332 909 2394 ΑΛΓ
932 2327 1015 2416 πρὸς
1041 2331 1082 2417 τῇ
1106 2354 1162 2396 αα-

87 2454 122 2505 20
140 2437 229 2526 θέτω
262 2434 463 2524 τρίγωνα”
443 2433 543 2520 ομοιοί
572 2436 641 2501 ἐστι
668 2437 713 2524 τῷ
743 2459 778 2501 τε
807 2431 873 2524 ὀίω
905 2437 951 2524 τῷ
977 2439 1082 2502 ΑΒΓ
1104 2435 1163 2503 καὶ

141 2540 308 2628 ἀλληλοις.
357 2541 414 2609 καὶ
447 2539 517 2608 ἐπεὶ
545 2538 665 2626 ὅμοιόν
694 2541 763 2607 ἐστι
795 2536 833 2606 τὸ
862 2542 1025 2630 ΑΒΓτῷ
1043 2548 1161 2627 ΑΒΔ,

142 2653 232 2715 ἔστιν
264 2645 331 2736 ὀίρα
363 2646 409 2727 ὡς
440 2645 461 2732 ἡ
494 2651 556 2713 ΓΒ
590 2643 673 2734 πρὸς
702 2643 764 2732 τὴν
792 2653 873 2730 ΒΑ,
909 2645 1015 2725 οὕτως
1043 2645 1065 2733 ἡ
1094 2653 1162 2714 ΑΒ

111 2756 114 2763 ’
141 2753 223 2841 πρὸς
250 2751 313 2838 τὴν
335 2759 412 2821 ΒΔ.
460 2751 517 2818 καὶ
548 2751 616 2820 ἐπεὶ
644 2765 732 2839 τρεῖς
761 2749 893 2820 εὐθεῖαι
920 2748 1093 2839 ἀνάλογόν
1117 2758 1162 2821 εί-

142 2879 212 2943 σιν,
242 2863 332 2924 ἔστιν
361 2855 406 2938 ώς
432 2854 453 2944 ἡ
483 2856 596 2945 πρώτη
624 2857 709 2944 πρὸς
736 2856 797 2945 τὴν
825 2863 955 2945 τρίτην,
985 2856 1093 2939 οὕτως
1120 2857 1159 2928 τὸ

8 3016 11 3023 -
88 2982 122 3032 26
142 2962 208 3033 ἀπὸ
237 2967 294 3049 τῆς
321 2963 453 3052 πρώτης
480 2961 570 3044 είὸος
597 2963 680 3052 πρὸς
702 2962 740 3032 τὸ
764 2961 829 3032 ιἰπὸ
853 2967 913 3050 τῆς
940 2965 1098 3052 δευτέρας
1121 2963 1157 3033 τὲ

143 3069 262 3158 ὅμοιον
290 3070 346 3138 καὶ
379 3069 502 3159 ὁμοίως
533 3068 827 3159 ἀναγραφόμενον.
875 3069 920 3150 ώς
951 3068 1017 3160 ἄρα
1046 3070 1067 3157 ἡ
1096 3077 1160 3138 ΓΒ

214 3231 313 3285 XXXI.
333 3232 581 3301 Proelusp.426,
602 3237 643 3284 14.

217 3377 242 3425 4.
262 3368 352 3442 ιιατοί]
371 3391 454 3452 nup.
519 3372 568 3426 καὶ
586 3369 636 3443 τό]
656 3373 708 3426 καί
722 3391 750 3442 p.
788 3368 916 3440 ἐστινΡ,
936 3389 1027 3442 comp.
1046 3390 1073 3458 p.
1134 3377 1160 3427 6.

142 3441 192 3514 τό]
211 3439 279 3511 ηΡ
322 3441 454 3510 Sequitur
473 3442 531 3497 alia.
549 3443 764 3511 demonstratio,
783 3462 810 3499 u.
830 3461 893 3514 app
977 3450 1001 3498 6.
1020 3448 1056 3498 λα
1061 3438 1161 3568 ’ἑτερο

142 3513 335 3584 liquetinF3
359 3528 413 3570 om
432 3529 459 3581 p.
552 3519 593 3568 10.
619 3515 723 3568 είθεσιν
742 3514 800 3570 ΡΒ
891 3515 939 3586 τε]
962 3531 1017 3568 om.
1042 3513 1066 3566 B
1099 3515 1149 3583 Vp
