<?xml version="1.0" encoding="UTF-8"?>
<!DOCTYPE html PUBLIC "-//W3C//DTD XHTML 1.0 Transitional//EN"
    "http://www.w3.org/TR/xhtml1/DTD/xhtml1-transitional.dtd">
<html xmlns="http://www.w3.org/1999/xhtml" xml:lang="en" lang="en">
 <head>
  <title>
</title>
<meta http-equiv="Content-Type" content="text/html;charset=utf-8" />
  <meta name='ocr-system' content='tesseract 3.04.00' />
  <meta name='ocr-capabilities' content='ocr_page ocr_carea ocr_par ocr_line ocrx_word'/>
</head>
<body>
  <div class='ocr_page' id='page_1' title='image "./euclidisoperaom19unkngoog_0127.png"; bbox 0 0 2446 3938; ppageno 0'>
   <div class='ocr_carea' id='block_1_1' title="bbox 143 165 782 236">
    <p class='ocr_par' dir='ltr' id='par_1_1' title="bbox 143 165 782 236">
     <span class='ocr_line' id='line_1_1' title="bbox 143 165 782 236; baseline 0.005 -14"><span class='ocrx_word' id='word_1_1' title='bbox 143 172 185 236; x_wconf 78' lang='grc'><em>96</em></span> <span class='ocrx_word' id='word_1_2' title='bbox 526 172 727 224; x_wconf 74' lang='grc' dir='ltr'>ΣΤοῑΧΕΙαΝ</span> <span class='ocrx_word' id='word_1_3' title='bbox 747 165 782 225; x_wconf 68' lang='grc' dir='ltr'><em>σ.</em></span> 
     </span>
    </p>
   </div>
   <div class='ocr_carea' id='block_1_2' title="bbox 50 307 1166 1994">
    <p class='ocr_par' dir='ltr' id='par_1_2' title="bbox 128 307 1163 401">
     <span class='ocr_line' id='line_1_2' title="bbox 128 307 1163 401; baseline -0.002 -21"><span class='ocrx_word' id='word_1_4' title='bbox 128 312 227 400; x_wconf 70' lang='grc' dir='ltr'><em>πρὸς</em></span> <span class='ocrx_word' id='word_1_5' title='bbox 249 326 322 392; x_wconf 78' lang='grc' dir='ltr'><em>τοῖς</em></span> <span class='ocrx_word' id='word_1_6' title='bbox 345 318 427 398; x_wconf 88' lang='grc' dir='ltr'><em>Γ,Ζ</em></span> <span class='ocrx_word' id='word_1_7' title='bbox 449 312 613 401; x_wconf 82' lang='grc' dir='ltr'><em>πρότερον</em></span> <span class='ocrx_word' id='word_1_8' title='bbox 638 313 798 400; x_wconf 80' lang='grc' dir='ltr'><em>ἑκατέραν</em></span> <span class='ocrx_word' id='word_1_9' title='bbox 821 312 890 398; x_wconf 82' lang='grc' dir='ltr'><em>ἅμα</em></span> <span class='ocrx_word' id='word_1_10' title='bbox 914 311 1080 380; x_wconf 81' lang='grc' dir='ltr'><em>ἐλάσσονα</em></span> <span class='ocrx_word' id='word_1_11' title='bbox 1105 307 1163 398; x_wconf 90' lang='grc' dir='ltr'><em>ὀρ-</em></span> 
     </span>
    </p>

    <p class='ocr_par' dir='ltr' id='par_1_3' title="bbox 77 416 1162 509">
     <span class='ocr_line' id='line_1_3' title="bbox 77 416 1162 509; baseline -0.001 -24"><span class='ocrx_word' id='word_1_12' title='bbox 77 469 79 474; x_wconf 87' lang='grc'>-</span> <span class='ocrx_word' id='word_1_13' title='bbox 144 422 227 504; x_wconf 90' lang='grc' dir='ltr'><em>θῆς·</em></span> <span class='ocrx_word' id='word_1_14' title='bbox 252 419 350 505; x_wconf 82' lang='grc' dir='ltr'><em>λέγω,</em></span> <span class='ocrx_word' id='word_1_15' title='bbox 374 416 426 486; x_wconf 77' lang='grc' dir='ltr'><em>ὅτι</em></span> <span class='ocrx_word' id='word_1_16' title='bbox 450 418 632 504; x_wconf 82' lang='grc' dir='ltr'><em>ἰσογώνιόν</em></span> <span class='ocrx_word' id='word_1_17' title='bbox 656 421 724 486; x_wconf 84' lang='grc' dir='ltr'><em>ἐστι</em></span> <span class='ocrx_word' id='word_1_18' title='bbox 748 416 786 486; x_wconf 83' lang='grc' dir='ltr'><em>τὸ</em></span> <span class='ocrx_word' id='word_1_19' title='bbox 807 419 1096 507; x_wconf 77' lang='grc' dir='ltr'><em>ΑΒΓτρίγωνον</em></span> <span class='ocrx_word' id='word_1_20' title='bbox 1115 421 1162 509; x_wconf 78' lang='grc' dir='ltr'><em>τῷ</em></span> 
     </span>
    </p>

    <p class='ocr_par' dir='ltr' id='par_1_4' title="bbox 145 521 1162 616">
     <span class='ocr_line' id='line_1_4' title="bbox 145 521 1162 616; baseline -0.001 -25"><span class='ocrx_word' id='word_1_21' title='bbox 145 531 248 591; x_wconf 87' lang='grc' dir='ltr'><em>ΔΕΖ</em></span> <span class='ocrx_word' id='word_1_22' title='bbox 273 523 443 616; x_wconf 78' lang='grc' dir='ltr'><em>τριγώνῳ,</em></span> <span class='ocrx_word' id='word_1_23' title='bbox 466 525 522 592; x_wconf 81' lang='grc' dir='ltr'><em>καὶ</em></span> <span class='ocrx_word' id='word_1_24' title='bbox 546 533 600 611; x_wconf 89' lang='grc' dir='ltr'><em>ίση</em></span> <span class='ocrx_word' id='word_1_25' title='bbox 626 529 716 592; x_wconf 82' lang='grc' dir='ltr'><em>ἔσται</em></span> <span class='ocrx_word' id='word_1_26' title='bbox 740 521 761 610; x_wconf 90' lang='grc' dir='ltr'><em>ῆ</em></span> <span class='ocrx_word' id='word_1_27' title='bbox 781 521 849 593; x_wconf 80' lang='grc' dir='ltr'><em>ὑπὸ</em></span> <span class='ocrx_word' id='word_1_28' title='bbox 873 529 978 591; x_wconf 87' lang='grc' dir='ltr'><em>ΑΒΓ</em></span> <span class='ocrx_word' id='word_1_29' title='bbox 991 528 1099 609; x_wconf 90' lang='grc' dir='ltr'><em>γωνία</em></span> <span class='ocrx_word' id='word_1_30' title='bbox 1122 526 1162 612; x_wconf 88' lang='grc' dir='ltr'><em>τῆ</em></span> 
     </span>
    </p>

    <p class='ocr_par' dir='ltr' id='par_1_5' title="bbox 109 626 1164 831">
     <span class='ocr_line' id='line_1_5' title="bbox 144 626 1164 722; baseline 0.001 -26"><span class='ocrx_word' id='word_1_31' title='bbox 144 626 210 697; x_wconf 79' lang='grc' dir='ltr'><em>ὑπὸ</em></span> <span class='ocrx_word' id='word_1_32' title='bbox 238 639 355 719; x_wconf 86' lang='grc' dir='ltr'><em>ΑΕΖ,</em></span> <span class='ocrx_word' id='word_1_33' title='bbox 383 631 439 698; x_wconf 82' lang='grc' dir='ltr'><em>καὶ</em></span> <span class='ocrx_word' id='word_1_34' title='bbox 467 629 566 717; x_wconf 81' lang='grc' dir='ltr'><em>λοιτῆ</em></span> <span class='ocrx_word' id='word_1_35' title='bbox 596 631 754 718; x_wconf 80' lang='grc' dir='ltr'><em>δηλονότι</em></span> <span class='ocrx_word' id='word_1_36' title='bbox 781 628 802 718; x_wconf 89' lang='grc' dir='ltr'><em>ῆ</em></span> <span class='ocrx_word' id='word_1_37' title='bbox 831 628 914 719; x_wconf 83' lang='grc' dir='ltr'><em>πρὸς</em></span> <span class='ocrx_word' id='word_1_38' title='bbox 941 632 987 722; x_wconf 76' lang='grc' dir='ltr'><em>τῷ</em></span> <span class='ocrx_word' id='word_1_39' title='bbox 1012 635 1044 697; x_wconf 92' lang='grc' dir='ltr'>Γ</span> <span class='ocrx_word' id='word_1_40' title='bbox 1063 634 1164 720; x_wconf 81' lang='grc' dir='ltr'><em>λοατῆ</em></span> 
     </span>
     <span class='ocr_line' id='line_1_6' title="bbox 109 737 503 831; baseline 0.005 -27"><span class='ocrx_word' id='word_1_41' title='bbox 109 741 183 827; x_wconf 76' lang='grc' dir='ltr'><em>στῆ</em></span> <span class='ocrx_word' id='word_1_42' title='bbox 209 737 294 826; x_wconf 80' lang='grc' dir='ltr'><em>πρὸς</em></span> <span class='ocrx_word' id='word_1_43' title='bbox 316 742 362 831; x_wconf 78' lang='grc' dir='ltr'><em>τῷ</em></span> <span class='ocrx_word' id='word_1_44' title='bbox 388 747 415 806; x_wconf 91' lang='grc' dir='ltr'><strong>Ζ</strong></span> <span class='ocrx_word' id='word_1_45' title='bbox 438 746 503 824; x_wconf 77' lang='grc' dir='ltr'><em>ἴση.</em></span> 
     </span>
    </p>

    <p class='ocr_par' dir='ltr' id='par_1_6' title="bbox 145 840 1163 1254">
     <span class='ocr_line' id='line_1_7' title="bbox 212 840 1163 934; baseline 0 -23"><span class='ocrx_word' id='word_1_46' title='bbox 212 849 257 911; x_wconf 72' lang='lat' dir='ltr'><em>El</em></span> <span class='ocrx_word' id='word_1_47' title='bbox 284 843 349 934; x_wconf 81' lang='grc' dir='ltr'><em>γὰρ</em></span> <span class='ocrx_word' id='word_1_48' title='bbox 378 843 496 924; x_wconf 77' lang='grc' dir='ltr'><em>ἄνισός</em></span> <span class='ocrx_word' id='word_1_49' title='bbox 525 846 617 912; x_wconf 81' lang='grc' dir='ltr'><em>ἐστιν</em></span> <span class='ocrx_word' id='word_1_50' title='bbox 644 841 665 931; x_wconf 88' lang='grc' dir='ltr'><em>ῆ</em></span> <span class='ocrx_word' id='word_1_51' title='bbox 689 841 755 912; x_wconf 76' lang='grc' dir='ltr'><em>ὑπὸ</em></span> <span class='ocrx_word' id='word_1_52' title='bbox 780 848 883 911; x_wconf 90' lang='grc' dir='ltr'><em>ΑΒΓ</em></span> <span class='ocrx_word' id='word_1_53' title='bbox 901 847 1008 928; x_wconf 88' lang='grc' dir='ltr'><em>γωνία</em></span> <span class='ocrx_word' id='word_1_54' title='bbox 1031 840 1163 933; x_wconf 77' lang='grc' dir='ltr'><em>τῆὺτὸ</em></span> 
     </span>
     <span class='ocr_line' id='line_1_8' title="bbox 145 946 1162 1038; baseline -0.001 -21"><span class='ocrx_word' id='word_1_55' title='bbox 145 958 262 1036; x_wconf 88' lang='grc' dir='ltr'><em>ΑΕΖ,</em></span> <span class='ocrx_word' id='word_1_56' title='bbox 292 957 352 1038; x_wconf 86' lang='grc' dir='ltr'><em>μία</em></span> <span class='ocrx_word' id='word_1_57' title='bbox 382 948 495 1018; x_wconf 79' lang='grc' dir='ltr'><em>αὐτῶν</em></span> <span class='ocrx_word' id='word_1_58' title='bbox 524 955 644 1037; x_wconf 82' lang='grc' dir='ltr'><em>μείζων</em></span> <span class='ocrx_word' id='word_1_59' title='bbox 672 954 771 1019; x_wconf 83' lang='grc' dir='ltr'><em>ἐστίν.</em></span> <span class='ocrx_word' id='word_1_60' title='bbox 815 955 897 1018; x_wconf 79' lang='grc' dir='ltr'><em>ἔστω</em></span> <span class='ocrx_word' id='word_1_61' title='bbox 916 954 1036 1037; x_wconf 81' lang='grc' dir='ltr'><em>μείζων</em></span> <span class='ocrx_word' id='word_1_62' title='bbox 1055 946 1075 1037; x_wconf 90' lang='grc' dir='ltr'><em>ῆ</em></span> <span class='ocrx_word' id='word_1_63' title='bbox 1094 946 1162 1019; x_wconf 74' lang='grc' dir='ltr'><em>ὑπὸ</em></span> 
     </span>
     <span class='ocr_line' id='line_1_9' title="bbox 148 1053 1163 1150; baseline -0.003 -23"><span class='ocrx_word' id='word_1_64' title='bbox 148 1062 255 1127; x_wconf 86' lang='grc' dir='ltr'><em>ΑΒΓ.</em></span> <span class='ocrx_word' id='word_1_65' title='bbox 301 1058 357 1124; x_wconf 82' lang='grc' dir='ltr'><em>καὶ</em></span> <span class='ocrx_word' id='word_1_66' title='bbox 385 1054 575 1139; x_wconf 75' lang='grc' dir='ltr'><em>συνεστάτω</em></span> <span class='ocrx_word' id='word_1_67' title='bbox 604 1053 687 1144; x_wconf 78' lang='grc' dir='ltr'><em>πρὸς</em></span> <span class='ocrx_word' id='word_1_68' title='bbox 714 1060 754 1145; x_wconf 88' lang='grc' dir='ltr'><em>τῆ</em></span> <span class='ocrx_word' id='word_1_69' title='bbox 783 1063 848 1123; x_wconf 90' lang='grc' dir='ltr'><em>ΑΒ</em></span> <span class='ocrx_word' id='word_1_70' title='bbox 877 1053 996 1145; x_wconf 83' lang='grc' dir='ltr'><em>εόθείῳ</em></span> <span class='ocrx_word' id='word_1_71' title='bbox 1027 1056 1084 1124; x_wconf 85' lang='grc' dir='ltr'><em>καὶ</em></span> <span class='ocrx_word' id='word_1_72' title='bbox 1116 1061 1163 1150; x_wconf 74' lang='grc' dir='ltr'><em>τῷ</em></span> 
     </span>
     <span class='ocr_line' id='line_1_10' title="bbox 149 1159 1163 1254; baseline 0.001 -24"><span class='ocrx_word' id='word_1_73' title='bbox 149 1163 232 1251; x_wconf 79' lang='grc' dir='ltr'><em>πρὸς</em></span> <span class='ocrx_word' id='word_1_74' title='bbox 259 1161 344 1253; x_wconf 82' lang='grc' dir='ltr'><em>αὐτῆ</em></span> <span class='ocrx_word' id='word_1_75' title='bbox 372 1167 497 1254; x_wconf 84' lang='grc' dir='ltr'><em>σημείῳ</em></span> <span class='ocrx_word' id='word_1_76' title='bbox 525 1166 571 1254; x_wconf 75' lang='grc' dir='ltr'><em>τῷ</em></span> <span class='ocrx_word' id='word_1_77' title='bbox 595 1170 624 1229; x_wconf 90' lang='grc' dir='ltr'><em>Β</em></span> <span class='ocrx_word' id='word_1_78' title='bbox 648 1167 688 1252; x_wconf 88' lang='grc' dir='ltr'><em>τῆ</em></span> <span class='ocrx_word' id='word_1_79' title='bbox 711 1159 781 1231; x_wconf 79' lang='grc' dir='ltr'><em>ίτὸ</em></span> <span class='ocrx_word' id='word_1_80' title='bbox 806 1169 907 1229; x_wconf 88' lang='grc' dir='ltr'><em>ΔΒΖ</em></span> <span class='ocrx_word' id='word_1_81' title='bbox 930 1168 1038 1252; x_wconf 80' lang='grc' dir='ltr'><em>γωνίᾳ</em></span> <span class='ocrx_word' id='word_1_82' title='bbox 1062 1172 1117 1250; x_wconf 88' lang='grc' dir='ltr'><em>ίση</em></span> <span class='ocrx_word' id='word_1_83' title='bbox 1141 1161 1163 1250; x_wconf 89' lang='grc' dir='ltr'><em>ῆ</em></span> 
     </span>
    </p>

    <p class='ocr_par' dir='ltr' id='par_1_7' title="bbox 50 1266 1166 1994">
     <span class='ocr_line' id='line_1_11' title="bbox 100 1266 927 1337; baseline 0.007 -5"><span class='ocrx_word' id='word_1_84' title='bbox 100 1285 133 1333; x_wconf 89' lang='lat'><em>10</em></span> <span class='ocrx_word' id='word_1_85' title='bbox 152 1266 217 1337; x_wconf 80' lang='grc' dir='ltr'><em>ὑπὸ</em></span> <span class='ocrx_word' id='word_1_86' title='bbox 241 1275 355 1336; x_wconf 89' lang='grc' dir='ltr'><em>ΑΒΗ.</em></span> <span class='ocrx_word' id='word_1_87' title='bbox 922 1282 927 1293; x_wconf 89' lang='grc'><strong>’</strong></span> 
     </span>
     <span class='ocr_line' id='line_1_12' title="bbox 213 1372 1164 1465; baseline 0.003 -23"><span class='ocrx_word' id='word_1_88' title='bbox 213 1376 282 1442; x_wconf 82' lang='grc' dir='ltr'><em>Καὶ</em></span> <span class='ocrx_word' id='word_1_89' title='bbox 311 1376 381 1444; x_wconf 80' lang='grc' dir='ltr'><em>ἐπεὶ</em></span> <span class='ocrx_word' id='word_1_90' title='bbox 409 1384 464 1462; x_wconf 89' lang='grc' dir='ltr'><em>ίση</em></span> <span class='ocrx_word' id='word_1_91' title='bbox 494 1375 584 1444; x_wconf 82' lang='grc' dir='ltr'><em>ἐστὶν</em></span> <span class='ocrx_word' id='word_1_92' title='bbox 612 1372 633 1461; x_wconf 89' lang='grc' dir='ltr'><em>ῆ</em></span> <span class='ocrx_word' id='word_1_93' title='bbox 664 1375 725 1462; x_wconf 74' lang='grc' dir='ltr'><em>μὲν</em></span> <span class='ocrx_word' id='word_1_94' title='bbox 749 1385 788 1455; x_wconf 79' lang='grc' dir='ltr'><em>Α,</em></span> <span class='ocrx_word' id='word_1_95' title='bbox 803 1381 910 1462; x_wconf 85' lang='grc' dir='ltr'><em>γωνία</em></span> <span class='ocrx_word' id='word_1_96' title='bbox 936 1380 976 1465; x_wconf 87' lang='grc' dir='ltr'><em>τῆ</em></span> <span class='ocrx_word' id='word_1_97' title='bbox 1002 1385 1049 1464; x_wconf 86' lang='grc' dir='ltr'><em>Δ,</em></span> <span class='ocrx_word' id='word_1_98' title='bbox 1078 1373 1099 1463; x_wconf 89' lang='grc' dir='ltr'><em>ῆ</em></span> <span class='ocrx_word' id='word_1_99' title='bbox 1124 1376 1164 1445; x_wconf 73' lang='grc' dir='ltr'><em>δὲ</em></span> 
     </span>
     <span class='ocr_line' id='line_1_13' title="bbox 148 1476 1166 1572; baseline 0.003 -24"><span class='ocrx_word' id='word_1_100' title='bbox 148 1478 214 1549; x_wconf 81' lang='grc' dir='ltr'><em>ὑπὸ</em></span> <span class='ocrx_word' id='word_1_101' title='bbox 245 1485 350 1548; x_wconf 90' lang='grc' dir='ltr'><em>ΑΒΗ</em></span> <span class='ocrx_word' id='word_1_102' title='bbox 371 1484 410 1569; x_wconf 90' lang='grc' dir='ltr'><em>τῆ</em></span> <span class='ocrx_word' id='word_1_103' title='bbox 438 1478 504 1549; x_wconf 80' lang='grc' dir='ltr'><em>ὑπὸ</em></span> <span class='ocrx_word' id='word_1_104' title='bbox 534 1489 649 1568; x_wconf 83' lang='grc' dir='ltr'><em>ΔΕΖ,</em></span> <span class='ocrx_word' id='word_1_105' title='bbox 681 1476 780 1569; x_wconf 77' lang='grc' dir='ltr'><em>λοιττῆ</em></span> <span class='ocrx_word' id='word_1_106' title='bbox 814 1481 881 1572; x_wconf 76' lang='grc' dir='ltr'><em>ἄρα</em></span> <span class='ocrx_word' id='word_1_107' title='bbox 913 1480 934 1569; x_wconf 92' lang='grc' dir='ltr'><em>ῆ</em></span> <span class='ocrx_word' id='word_1_108' title='bbox 963 1479 1029 1551; x_wconf 80' lang='grc' dir='ltr'><em>ὑπὸ</em></span> <span class='ocrx_word' id='word_1_109' title='bbox 1059 1489 1166 1551; x_wconf 87' lang='grc' dir='ltr'><em>ΑΗΒ</em></span> 
     </span>
     <span class='ocr_line' id='line_1_14' title="bbox 50 1582 1166 1680; baseline 0.004 -28"><span class='ocrx_word' id='word_1_110' title='bbox 50 1610 53 1615; x_wconf 88' lang='lat'>·</span> <span class='ocrx_word' id='word_1_111' title='bbox 147 1590 246 1673; x_wconf 79' lang='grc' dir='ltr'><em>λοιαῆ</em></span> <span class='ocrx_word' id='word_1_112' title='bbox 275 1590 314 1674; x_wconf 89' lang='grc' dir='ltr'><em>τῆ</em></span> <span class='ocrx_word' id='word_1_113' title='bbox 343 1582 409 1653; x_wconf 79' lang='grc' dir='ltr'><em>ὑπὸ</em></span> <span class='ocrx_word' id='word_1_114' title='bbox 434 1594 538 1654; x_wconf 85' lang='grc' dir='ltr'><em>ΔΖΕ</em></span> <span class='ocrx_word' id='word_1_115' title='bbox 563 1589 741 1680; x_wconf 78' lang='grc' dir='ltr'><em>ἐστινίση.</em></span> <span class='ocrx_word' id='word_1_116' title='bbox 796 1589 977 1674; x_wconf 77' lang='grc' dir='ltr'><em>ἰσογώνιον</em></span> <span class='ocrx_word' id='word_1_117' title='bbox 1004 1585 1072 1675; x_wconf 84' lang='grc' dir='ltr'><em>ίῖρα</em></span> <span class='ocrx_word' id='word_1_118' title='bbox 1095 1589 1166 1665; x_wconf 77' lang='grc' dir='ltr'><em>ἐστὶ</em></span> 
     </span>
     <span class='ocr_line' id='line_1_15' title="bbox 148 1690 1166 1786; baseline 0.007 -29"><span class='ocrx_word' id='word_1_119' title='bbox 148 1690 186 1760; x_wconf 87' lang='grc' dir='ltr'><em>τὸ</em></span> <span class='ocrx_word' id='word_1_120' title='bbox 207 1697 318 1759; x_wconf 89' lang='grc' dir='ltr'><em>ΑΒΗ</em></span> <span class='ocrx_word' id='word_1_121' title='bbox 334 1698 501 1778; x_wconf 90' lang='grc' dir='ltr'><em>τρίγωνον</em></span> <span class='ocrx_word' id='word_1_122' title='bbox 523 1696 569 1785; x_wconf 77' lang='grc' dir='ltr'><em>τῷ</em></span> <span class='ocrx_word' id='word_1_123' title='bbox 591 1701 692 1763; x_wconf 85' lang='grc' dir='ltr'><em>ΑΒΖ</em></span> <span class='ocrx_word' id='word_1_124' title='bbox 710 1694 872 1786; x_wconf 78' lang='grc' dir='ltr'><em>τριγώνῳ.</em></span> <span class='ocrx_word' id='word_1_125' title='bbox 914 1698 1005 1762; x_wconf 81' lang='grc' dir='ltr'><em>ἔστιν</em></span> <span class='ocrx_word' id='word_1_126' title='bbox 1028 1692 1094 1782; x_wconf 76' lang='grc' dir='ltr'><em>ἄρα</em></span> <span class='ocrx_word' id='word_1_127' title='bbox 1118 1693 1166 1776; x_wconf 82' lang='grc' dir='ltr'><em>ως</em></span> 
     </span>
     <span class='ocr_line' id='line_1_16' title="bbox 98 1795 1166 1888; baseline 0.008 -27"><span class='ocrx_word' id='word_1_128' title='bbox 98 1795 171 1883; x_wconf 82' lang='grc' dir='ltr'><em>15ῆ</em></span> <span class='ocrx_word' id='word_1_129' title='bbox 200 1806 265 1867; x_wconf 90' lang='grc' dir='ltr'><em>ΑΒ</em></span> <span class='ocrx_word' id='word_1_130' title='bbox 293 1798 377 1886; x_wconf 84' lang='grc' dir='ltr'><em>πρὸς</em></span> <span class='ocrx_word' id='word_1_131' title='bbox 404 1797 467 1886; x_wconf 89' lang='grc' dir='ltr'><em>τῆν</em></span> <span class='ocrx_word' id='word_1_132' title='bbox 494 1807 577 1884; x_wconf 86' lang='grc' dir='ltr'><em>ΒΗ,</em></span> <span class='ocrx_word' id='word_1_133' title='bbox 611 1798 719 1881; x_wconf 81' lang='grc' dir='ltr'><em>οὕτως</em></span> <span class='ocrx_word' id='word_1_134' title='bbox 746 1798 767 1887; x_wconf 87' lang='grc' dir='ltr'><em>ῆ</em></span> <span class='ocrx_word' id='word_1_135' title='bbox 796 1807 867 1868; x_wconf 87' lang='grc' dir='ltr'><em>ΔΕ</em></span> <span class='ocrx_word' id='word_1_136' title='bbox 891 1799 975 1888; x_wconf 82' lang='grc' dir='ltr'><em>πρὸς</em></span> <span class='ocrx_word' id='word_1_137' title='bbox 1006 1799 1069 1886; x_wconf 90' lang='grc' dir='ltr'><em>τῆν</em></span> <span class='ocrx_word' id='word_1_138' title='bbox 1093 1809 1166 1870; x_wconf 87' lang='grc' dir='ltr'><em>ΕΖ.</em></span> 
     </span>
     <span class='ocr_line' id='line_1_17' title="bbox 114 1900 1166 1994; baseline 0.003 -23"><span class='ocrx_word' id='word_1_139' title='bbox 114 1948 124 1981; x_wconf 68' lang='lat'><em>›,</em></span> <span class='ocrx_word' id='word_1_140' title='bbox 151 1900 195 1983; x_wconf 78' lang='grc' dir='ltr'><em>ὡς</em></span> <span class='ocrx_word' id='word_1_141' title='bbox 218 1904 256 1972; x_wconf 74' lang='grc' dir='ltr'><em>δὲ</em></span> <span class='ocrx_word' id='word_1_142' title='bbox 279 1902 300 1991; x_wconf 89' lang='grc' dir='ltr'><em>ῆ</em></span> <span class='ocrx_word' id='word_1_143' title='bbox 324 1912 394 1973; x_wconf 88' lang='grc' dir='ltr'><em>ΔΕ</em></span> <span class='ocrx_word' id='word_1_144' title='bbox 414 1903 497 1994; x_wconf 81' lang='grc' dir='ltr'><em>πρὸς</em></span> <span class='ocrx_word' id='word_1_145' title='bbox 519 1903 581 1992; x_wconf 86' lang='grc' dir='ltr'><em>τῆν</em></span> <span class='ocrx_word' id='word_1_146' title='bbox 611 1914 685 1992; x_wconf 87' lang='grc' dir='ltr'><em>ΕΖ,</em></span> <span class='ocrx_word' id='word_1_147' title='bbox 711 1903 844 1990; x_wconf 82' lang='grc' dir='ltr'><em>[οὕτως]</em></span> <span class='ocrx_word' id='word_1_148' title='bbox 868 1904 1039 1974; x_wconf 80' lang='grc' dir='ltr'><em>ὑπόκειται</em></span> <span class='ocrx_word' id='word_1_149' title='bbox 1058 1905 1078 1994; x_wconf 86' lang='grc' dir='ltr'><em>ῆ</em></span> <span class='ocrx_word' id='word_1_150' title='bbox 1099 1916 1166 1987; x_wconf 80' lang='grc' dir='ltr'><em>ΑΒ</em></span> 
     </span>
    </p>
   </div>
   <div class='ocr_carea' id='block_1_3' title="bbox 99 2004 1173 2742">
    <p class='ocr_par' dir='ltr' id='par_1_8' title="bbox 99 2004 1173 2742">
     <span class='ocr_line' id='line_1_18' title="bbox 150 2004 1166 2111; baseline 0.006 -35"><span class='ocrx_word' id='word_1_151' title='bbox 150 2007 234 2098; x_wconf 82' lang='grc' dir='ltr'><em>πρὸς</em></span> <span class='ocrx_word' id='word_1_152' title='bbox 260 2008 322 2098; x_wconf 87' lang='grc' dir='ltr'><em>τῆν</em></span> <span class='ocrx_word' id='word_1_153' title='bbox 349 2016 421 2079; x_wconf 90' lang='grc' dir='ltr'><em>ΒΓ</em></span> <span class='ocrx_word' id='word_1_154' title='bbox 450 2008 471 2098; x_wconf 94' lang='grc' dir='ltr'><em>ῆ</em></span> <span class='ocrx_word' id='word_1_155' title='bbox 500 2018 566 2079; x_wconf 93' lang='grc' dir='ltr'><em>ΑΒ</em></span> <span class='ocrx_word' id='word_1_156' title='bbox 594 2010 662 2097; x_wconf 85' lang='grc' dir='ltr'><em>ίίρα</em></span> <span class='ocrx_word' id='word_1_157' title='bbox 690 2011 775 2100; x_wconf 84' lang='grc' dir='ltr'><em>πρὸς</em></span> <span class='ocrx_word' id='word_1_158' title='bbox 803 2013 961 2098; x_wconf 83' lang='grc' dir='ltr'><em>ἑκατέραν</em></span> <span class='ocrx_word' id='word_1_159' title='bbox 993 2017 1062 2082; x_wconf 76' lang='grc' dir='ltr'><em>τῶν</em></span> <span class='ocrx_word' id='word_1_160' title='bbox 1091 2004 1166 2111; x_wconf 82' lang='grc' dir='ltr'><em>ΒΓ,</em></span> 
     </span>
     <span class='ocr_line' id='line_1_19' title="bbox 150 2115 1168 2208; baseline 0.006 -24"><span class='ocrx_word' id='word_1_161' title='bbox 150 2122 223 2184; x_wconf 90' lang='grc' dir='ltr'><em>ΒΗ</em></span> <span class='ocrx_word' id='word_1_162' title='bbox 245 2115 305 2185; x_wconf 88' lang='grc' dir='ltr'><em>τὸν</em></span> <span class='ocrx_word' id='word_1_163' title='bbox 333 2115 439 2187; x_wconf 82' lang='grc' dir='ltr'><em>αὐτὸν</em></span> <span class='ocrx_word' id='word_1_164' title='bbox 467 2122 532 2205; x_wconf 80' lang='grc' dir='ltr'><strong><em>ἔχει</em></strong></span> <span class='ocrx_word' id='word_1_165' title='bbox 562 2118 680 2204; x_wconf 77' lang='grc' dir='ltr'><em>λόγον·</em></span> <span class='ocrx_word' id='word_1_166' title='bbox 712 2128 768 2205; x_wconf 87' lang='grc' dir='ltr'><em>ίση</em></span> <span class='ocrx_word' id='word_1_167' title='bbox 798 2117 862 2208; x_wconf 77' lang='grc' dir='ltr'><em>ἄρα</em></span> <span class='ocrx_word' id='word_1_168' title='bbox 890 2115 910 2204; x_wconf 90' lang='grc' dir='ltr'><em>ῆ</em></span> <span class='ocrx_word' id='word_1_169' title='bbox 936 2125 1001 2186; x_wconf 92' lang='grc' dir='ltr'><em>ΒΓ</em></span> <span class='ocrx_word' id='word_1_170' title='bbox 1020 2125 1059 2208; x_wconf 88' lang='grc' dir='ltr'><em>τῆ</em></span> <span class='ocrx_word' id='word_1_171' title='bbox 1088 2128 1168 2190; x_wconf 91' lang='grc' dir='ltr'><em>ΒΗ.</em></span> 
     </span>
     <span class='ocr_line' id='line_1_20' title="bbox 151 2222 1173 2317; baseline 0.004 -25"><span class='ocrx_word' id='word_1_172' title='bbox 151 2222 234 2292; x_wconf 75' lang='grc' dir='ltr'><em>ὥστε</em></span> <span class='ocrx_word' id='word_1_173' title='bbox 261 2224 317 2292; x_wconf 81' lang='grc' dir='ltr'><em>καὶ</em></span> <span class='ocrx_word' id='word_1_174' title='bbox 343 2231 451 2311; x_wconf 86' lang='grc' dir='ltr'><em>γωνία</em></span> <span class='ocrx_word' id='word_1_175' title='bbox 478 2223 498 2310; x_wconf 87' lang='grc' dir='ltr'><em>ῆ</em></span> <span class='ocrx_word' id='word_1_176' title='bbox 527 2223 611 2312; x_wconf 84' lang='grc' dir='ltr'><em>πρὸς</em></span> <span class='ocrx_word' id='word_1_177' title='bbox 637 2229 694 2317; x_wconf 67' lang='grc' dir='ltr'><em>τῷ.</em></span> <span class='ocrx_word' id='word_1_178' title='bbox 713 2231 745 2292; x_wconf 93' lang='grc' dir='ltr'><em>Γ</em></span> <span class='ocrx_word' id='word_1_179' title='bbox 768 2231 876 2315; x_wconf 85' lang='grc' dir='ltr'><em>γωνίῳ</em></span> <span class='ocrx_word' id='word_1_180' title='bbox 903 2229 943 2313; x_wconf 91' lang='grc' dir='ltr'><em>τῆ</em></span> <span class='ocrx_word' id='word_1_181' title='bbox 971 2222 1037 2295; x_wconf 74' lang='grc' dir='ltr'><em>ὑπὸ</em></span> <span class='ocrx_word' id='word_1_182' title='bbox 1063 2233 1173 2295; x_wconf 91' lang='grc' dir='ltr'><em>ΒΗΓ</em></span> 
     </span>
     <span class='ocr_line' id='line_1_21' title="bbox 99 2328 1167 2427; baseline 0.007 -34"><span class='ocrx_word' id='word_1_183' title='bbox 99 2345 134 2393; x_wconf 80' lang='lat'><em>20</em></span> <span class='ocrx_word' id='word_1_184' title='bbox 153 2333 242 2398; x_wconf 82' lang='grc' dir='ltr'><em>ἐστιν</em></span> <span class='ocrx_word' id='word_1_185' title='bbox 271 2340 335 2416; x_wconf 87' lang='grc' dir='ltr'><em>ίση.</em></span> <span class='ocrx_word' id='word_1_186' title='bbox 386 2330 532 2399; x_wconf 79' lang='grc' dir='ltr'><em>ἐλάττων</em></span> <span class='ocrx_word' id='word_1_187' title='bbox 566 2330 603 2398; x_wconf 73' lang='grc' dir='ltr'><em>δὲ</em></span> <span class='ocrx_word' id='word_1_188' title='bbox 637 2328 747 2418; x_wconf 80' lang='grc' dir='ltr'><em>ὀρθῆς</em></span> <span class='ocrx_word' id='word_1_189' title='bbox 773 2329 944 2401; x_wconf 78' lang='grc' dir='ltr'><em>ὑπόκειται</em></span> <span class='ocrx_word' id='word_1_190' title='bbox 967 2329 988 2418; x_wconf 91' lang='grc' dir='ltr'><em>ῆ</em></span> <span class='ocrx_word' id='word_1_191' title='bbox 1011 2331 1167 2427; x_wconf 78' lang='grc' dir='ltr'><em>τρόςτῷ</em></span> 
     </span>
     <span class='ocr_line' id='line_1_22' title="bbox 150 2434 1167 2524; baseline 0.005 -22"><span class='ocrx_word' id='word_1_192' title='bbox 150 2441 188 2502; x_wconf 88' lang='grc' dir='ltr'><em>Γ</em></span> <span class='ocrx_word' id='word_1_193' title='bbox 227 2435 373 2504; x_wconf 78' lang='grc' dir='ltr'><em>ἐλάττων</em></span> <span class='ocrx_word' id='word_1_194' title='bbox 391 2434 457 2523; x_wconf 75' lang='grc' dir='ltr'><em>ἄρα</em></span> <span class='ocrx_word' id='word_1_195' title='bbox 482 2436 572 2503; x_wconf 79' lang='grc' dir='ltr'><em>ἐστὶν</em></span> <span class='ocrx_word' id='word_1_196' title='bbox 597 2434 704 2524; x_wconf 80' lang='grc' dir='ltr'><em>ὀρθῆς</em></span> <span class='ocrx_word' id='word_1_197' title='bbox 726 2439 781 2504; x_wconf 82' lang='grc' dir='ltr'><em>καὶ</em></span> <span class='ocrx_word' id='word_1_198' title='bbox 804 2434 826 2524; x_wconf 86' lang='grc' dir='ltr'><em>ῆ</em></span> <span class='ocrx_word' id='word_1_199' title='bbox 850 2434 915 2505; x_wconf 80' lang='grc' dir='ltr'><em>ὑπὸ</em></span> <span class='ocrx_word' id='word_1_200' title='bbox 936 2444 1054 2506; x_wconf 88' lang='grc' dir='ltr'><em>ΒΗΓ·</em></span> <span class='ocrx_word' id='word_1_201' title='bbox 1080 2437 1167 2508; x_wconf 76' lang='grc' dir='ltr'><em>ὥστε</em></span> 
     </span>
     <span class='ocr_line' id='line_1_23' title="bbox 149 2537 1167 2631; baseline 0.005 -23"><span class='ocrx_word' id='word_1_202' title='bbox 149 2539 171 2629; x_wconf 82' lang='grc' dir='ltr'><em>ἡ</em></span> <span class='ocrx_word' id='word_1_203' title='bbox 209 2543 327 2628; x_wconf 81' lang='grc' dir='ltr'><em>ἐφεξῆς</em></span> <span class='ocrx_word' id='word_1_204' title='bbox 363 2538 446 2629; x_wconf 83' lang='grc' dir='ltr'><em>αὐτῆ</em></span> <span class='ocrx_word' id='word_1_205' title='bbox 483 2547 590 2626; x_wconf 91' lang='grc' dir='ltr'><em>γωνία</em></span> <span class='ocrx_word' id='word_1_206' title='bbox 626 2540 647 2629; x_wconf 89' lang='grc' dir='ltr'><em>ῆ</em></span> <span class='ocrx_word' id='word_1_207' title='bbox 685 2540 751 2612; x_wconf 82' lang='grc' dir='ltr'><em>ὑπὸ</em></span> <span class='ocrx_word' id='word_1_208' title='bbox 783 2537 889 2611; x_wconf 86' lang='grc' dir='ltr'><em>ΑΗΒ</em></span> <span class='ocrx_word' id='word_1_209' title='bbox 920 2549 1041 2631; x_wconf 82' lang='grc' dir='ltr'><em>μείζων</em></span> <span class='ocrx_word' id='word_1_210' title='bbox 1074 2546 1167 2613; x_wconf 81' lang='grc' dir='ltr'><em>ἐστὶν</em></span> 
     </span>
     <span class='ocr_line' id='line_1_24' title="bbox 152 2641 1167 2742; baseline 0.004 -27"><span class='ocrx_word' id='word_1_211' title='bbox 152 2643 267 2733; x_wconf 90' lang='grc' dir='ltr'><em>ὀρθῆς.</em></span> <span class='ocrx_word' id='word_1_212' title='bbox 321 2647 379 2719; x_wconf 72' lang='grc' dir='ltr'><em>καί</em></span> <span class='ocrx_word' id='word_1_213' title='bbox 419 2649 553 2734; x_wconf 73' lang='grc' dir='ltr'><em>ἐδείχθη</em></span> <span class='ocrx_word' id='word_1_214' title='bbox 588 2657 642 2734; x_wconf 89' lang='grc' dir='ltr'><em>ίση</em></span> <span class='ocrx_word' id='word_1_215' title='bbox 679 2641 765 2718; x_wconf 83' lang='grc' dir='ltr'><em>οὖσα</em></span> <span class='ocrx_word' id='word_1_216' title='bbox 796 2653 836 2739; x_wconf 87' lang='grc' dir='ltr'><em>τῆ</em></span> <span class='ocrx_word' id='word_1_217' title='bbox 864 2647 946 2739; x_wconf 84' lang='grc' dir='ltr'><em>πρὸς</em></span> <span class='ocrx_word' id='word_1_218' title='bbox 973 2655 1020 2742; x_wconf 79' lang='grc' dir='ltr'><em>τῷ</em></span> <span class='ocrx_word' id='word_1_219' title='bbox 1046 2658 1086 2718; x_wconf 84' lang='grc' dir='ltr'><em>Ζ·</em></span> <span class='ocrx_word' id='word_1_220' title='bbox 1109 2653 1167 2720; x_wconf 84' lang='grc' dir='ltr'><em>καὶ</em></span> 
     </span>
    </p>
   </div>
   <div class='ocr_carea' id='block_1_4' title="bbox 100 2855 1168 3058">
    <p class='ocr_par' dir='ltr' id='par_1_9' title="bbox 100 2855 1168 3058">
     <span class='ocr_line' id='line_1_25' title="bbox 100 2855 1168 2953; baseline 0.01 -32"><span class='ocrx_word' id='word_1_221' title='bbox 100 2872 133 2921; x_wconf 77' lang='lat'><em>25</em></span> <span class='ocrx_word' id='word_1_222' title='bbox 149 2855 192 2923; x_wconf 71' lang='grc' dir='ltr'><em>δὲ</em></span> <span class='ocrx_word' id='word_1_223' title='bbox 228 2858 379 2925; x_wconf 79' lang='grc' dir='ltr'><em>ἐλάσσων</em></span> <span class='ocrx_word' id='word_1_224' title='bbox 416 2857 534 2948; x_wconf 89' lang='grc' dir='ltr'><em>ὀρθῆς·</em></span> <span class='ocrx_word' id='word_1_225' title='bbox 568 2859 649 2948; x_wconf 80' lang='grc' dir='ltr'><em>ὅπερ</em></span> <span class='ocrx_word' id='word_1_226' title='bbox 686 2862 776 2929; x_wconf 80' lang='grc' dir='ltr'><em>ἐστὶν</em></span> <span class='ocrx_word' id='word_1_227' title='bbox 814 2860 950 2930; x_wconf 76' lang='grc' dir='ltr'><em>ἄτοπον.</em></span> <span class='ocrx_word' id='word_1_228' title='bbox 1003 2861 1065 2930; x_wconf 81' lang='grc' dir='ltr'><em>οὐκ</em></span> <span class='ocrx_word' id='word_1_229' title='bbox 1099 2865 1168 2953; x_wconf 74' lang='grc' dir='ltr'><em>ἄρα</em></span> 
     </span>
     <span class='ocr_line' id='line_1_26' title="bbox 151 2963 1167 3058; baseline 0.009 -29"><span class='ocrx_word' id='word_1_230' title='bbox 151 2963 269 3042; x_wconf 79' lang='grc' dir='ltr'><em>ἄνισός</em></span> <span class='ocrx_word' id='word_1_231' title='bbox 299 2966 389 3033; x_wconf 78' lang='grc' dir='ltr'><em>ἐστιν</em></span> <span class='ocrx_word' id='word_1_232' title='bbox 417 2963 438 3052; x_wconf 87' lang='grc' dir='ltr'><em>ῆ</em></span> <span class='ocrx_word' id='word_1_233' title='bbox 466 2964 531 3035; x_wconf 80' lang='grc' dir='ltr'><em>ὑπὸ</em></span> <span class='ocrx_word' id='word_1_234' title='bbox 557 2973 659 3036; x_wconf 91' lang='grc' dir='ltr'><em>ΑΒΓ</em></span> <span class='ocrx_word' id='word_1_235' title='bbox 678 2974 785 3055; x_wconf 90' lang='grc' dir='ltr'><em>γωνία</em></span> <span class='ocrx_word' id='word_1_236' title='bbox 815 2973 855 3058; x_wconf 87' lang='grc' dir='ltr'><em>τῆ</em></span> <span class='ocrx_word' id='word_1_237' title='bbox 878 2966 946 3037; x_wconf 80' lang='grc' dir='ltr'><em>ὑπὸ</em></span> <span class='ocrx_word' id='word_1_238' title='bbox 971 2976 1085 3037; x_wconf 86' lang='grc' dir='ltr'><em>ΔΕΖ·</em></span> <span class='ocrx_word' id='word_1_239' title='bbox 1110 2979 1167 3058; x_wconf 85' lang='grc' dir='ltr'><em>ίση</em></span> 
     </span>
    </p>
   </div>
   <div class='ocr_carea' id='block_1_5' title="bbox 153 3137 1169 3573">
    <p class='ocr_par' dir='ltr' id='par_1_10' title="bbox 153 3137 1169 3573">
     <span class='ocr_line' id='line_1_27' title="bbox 225 3137 1167 3217; baseline 0.011 -23"><span class='ocrx_word' id='word_1_240' title='bbox 225 3147 248 3195; x_wconf 95' lang='grc'><em>1.</em></span> <span class='ocrx_word' id='word_1_241' title='bbox 265 3137 400 3198; x_wconf 75' lang='grc' dir='ltr'><em>ἐλάττονα</em></span> <span class='ocrx_word' id='word_1_242' title='bbox 414 3144 443 3198; x_wconf 80' lang='grc' dir='ltr'><em>Γ.</em></span> <span class='ocrx_word' id='word_1_243' title='bbox 513 3151 538 3200; x_wconf 80' lang='lat'><em>2.</em></span> <span class='ocrx_word' id='word_1_244' title='bbox 553 3141 629 3200; x_wconf 76' lang='grc' dir='ltr'><em>ἐστιν</em></span> <span class='ocrx_word' id='word_1_245' title='bbox 644 3147 674 3214; x_wconf 84' lang='lat' dir='ltr'><em>P,</em></span> <span class='ocrx_word' id='word_1_246' title='bbox 690 3163 779 3216; x_wconf 80' lang='lat' dir='ltr'><strong>comp.</strong></span> <span class='ocrx_word' id='word_1_247' title='bbox 795 3165 821 3216; x_wconf 90' lang='lat' dir='ltr'><em>p.</em></span> <span class='ocrx_word' id='word_1_248' title='bbox 896 3153 921 3201; x_wconf 84' lang='lat'><em>3.</em></span> <span class='ocrx_word' id='word_1_249' title='bbox 938 3145 1028 3217; x_wconf 75' lang='grc' dir='ltr'><em>ἔσται]</em></span> <span class='ocrx_word' id='word_1_250' title='bbox 1045 3143 1167 3204; x_wconf 74' lang='grc' dir='ltr'><em>ἐστίνΓ.</em></span> 
     </span>
     <span class='ocr_line' id='line_1_28' title="bbox 189 3215 1167 3292; baseline 0.009 -27"><span class='ocrx_word' id='word_1_251' title='bbox 189 3217 230 3266; x_wconf 84' lang='grc'><em>10.</em></span> <span class='ocrx_word' id='word_1_252' title='bbox 250 3215 349 3286; x_wconf 86' lang='grc' dir='ltr'><em>ΑΒΗ]</em></span> <span class='ocrx_word' id='word_1_253' title='bbox 371 3219 431 3268; x_wconf 78' lang='lat' dir='ltr'><em>He</em></span> <span class='ocrx_word' id='word_1_254' title='bbox 451 3233 519 3271; x_wconf 82' lang='lat' dir='ltr'><strong>corr.</strong></span> <span class='ocrx_word' id='word_1_255' title='bbox 539 3235 566 3286; x_wconf 87' lang='lat' dir='ltr'><em>p.</em></span> <span class='ocrx_word' id='word_1_256' title='bbox 655 3223 696 3272; x_wconf 83' lang='lat'><em>12.</em></span> <span class='ocrx_word' id='word_1_257' title='bbox 716 3219 806 3286; x_wconf 90' lang='grc' dir='ltr'><em>γωνία</em></span> <span class='ocrx_word' id='word_1_258' title='bbox 826 3219 859 3286; x_wconf 89' lang='grc' dir='ltr'><em>τῆ</em></span> <span class='ocrx_word' id='word_1_259' title='bbox 879 3217 912 3273; x_wconf 89' lang='lat' dir='ltr'><em>V.</em></span> <span class='ocrx_word' id='word_1_260' title='bbox 1001 3224 1043 3274; x_wconf 82' lang='lat'><em>13.</em></span> <span class='ocrx_word' id='word_1_261' title='bbox 1062 3221 1167 3292; x_wconf 77' lang='grc' dir='ltr'><em>λοιπῆ]</em></span> 
     </span>
     <span class='ocr_line' id='line_1_29' title="bbox 154 3272 1169 3434; baseline 0.008 -26"><span class='ocrx_word' id='word_1_262' title='bbox 154 3291 328 3425; x_wconf 57' lang='grc' dir='ltr'><em>ατη</em></span> <span class='ocrx_word' id='word_1_263' title='bbox 347 3286 378 3341; x_wconf 58' lang='lat' dir='ltr'><em>F·</em></span> <span class='ocrx_word' id='word_1_264' title='bbox 407 3363 438 3411; x_wconf 58' lang='grc' dir='ltr'><em>τ</em></span> <span class='ocrx_word' id='word_1_265' title='bbox 469 3272 808 3420; x_wconf 65' lang='grc' dir='ltr'><em>αίωαναί</em></span> <span class='ocrx_word' id='word_1_266' title='bbox 825 3288 917 3415; x_wconf 62' lang='grc' dir='ltr'><em>ἴα.</em></span> <span class='ocrx_word' id='word_1_267' title='bbox 954 3293 1020 3412; x_wconf 56' lang='lat'><em>3²⁵·</em></span> <span class='ocrx_word' id='word_1_268' title='bbox 1039 3283 1169 3434; x_wconf 53' lang='grc' dir='ltr'><em>νη</em></span> 
     </span>
     <span class='ocr_line' id='line_1_30' title="bbox 154 3360 1169 3502; baseline 0.009 -25"><span class='ocrx_word' id='word_1_269' title='bbox 154 3397 208 3478; x_wconf 76' lang='grc' dir='ltr'><em>οω.Ι</em></span> <span class='ocrx_word' id='word_1_270' title='bbox 236 3398 318 3496; x_wconf 70' lang='grc' dir='ltr'><em>ΒΓρ.</em></span> <span class='ocrx_word' id='word_1_271' title='bbox 411 3401 500 3491; x_wconf 77' lang='grc' dir='ltr'><em>οῆτως</em></span> <span class='ocrx_word' id='word_1_272' title='bbox 526 3360 689 3500; x_wconf 79' lang='grc' dir='ltr'><em>ὑτόκειται]</em></span> <span class='ocrx_word' id='word_1_273' title='bbox 717 3425 868 3485; x_wconf 75' lang='grc' dir='ltr'><em>ὑπόκειται</em></span> <span class='ocrx_word' id='word_1_274' title='bbox 894 3380 960 3497; x_wconf 51' lang='grc' dir='ltr'><em>ΓΒΗς</em></span> <span class='ocrx_word' id='word_1_275' title='bbox 982 3379 1078 3493; x_wconf 61' lang='grc' dir='ltr'><em>Ιόῆτως</em></span> <span class='ocrx_word' id='word_1_276' title='bbox 1106 3383 1169 3502; x_wconf 40' lang='lat' dir='ltr'><em>§zm</em></span> 
     </span>
     <span class='ocr_line' id='line_1_31' title="bbox 153 3491 1169 3573; baseline 0.01 -24"><span class='ocrx_word' id='word_1_277' title='bbox 153 3491 304 3551; x_wconf 79' lang='grc' dir='ltr'><em>ὑπόκειται</em></span> <span class='ocrx_word' id='word_1_278' title='bbox 332 3493 421 3561; x_wconf 71' lang='grc' dir='ltr'><em>οὕτως</em></span> <span class='ocrx_word' id='word_1_279' title='bbox 447 3498 476 3556; x_wconf 91' lang='grc' dir='ltr'><em>Ρ.</em></span> <span class='ocrx_word' id='word_1_280' title='bbox 556 3507 597 3556; x_wconf 82' lang='grc'><em>17.</em></span> <span class='ocrx_word' id='word_1_281' title='bbox 626 3496 689 3573; x_wconf 87' lang='grc' dir='ltr'><em>τῆν]</em></span> <span class='ocrx_word' id='word_1_282' title='bbox 719 3518 773 3558; x_wconf 84' lang='lat' dir='ltr'><em>om.</em></span> <span class='ocrx_word' id='word_1_283' title='bbox 801 3501 884 3572; x_wconf 79' lang='lat' dir='ltr'>BFp.</span> <span class='ocrx_word' id='word_1_284' title='bbox 927 3503 994 3557; x_wconf 81' lang='lat' dir='ltr'><strong>Post</strong></span> <span class='ocrx_word' id='word_1_285' title='bbox 1023 3507 1079 3557; x_wconf 92' lang='grc' dir='ltr'><em>ΒΓ</em></span> <span class='ocrx_word' id='word_1_286' title='bbox 1103 3505 1169 3560; x_wconf 82' lang='lat' dir='ltr'><strong>add.</strong></span> 
     </span>
    </p>
   </div>
   <div class='ocr_carea' id='block_1_6' title="bbox 0 0 1238 3938">
    <p class='ocr_par' dir='ltr' id='par_1_11' title="bbox 0 0 1238 3938">
     <span class='ocr_line' id='line_1_32' title="bbox 0 0 1238 3938; baseline 0 0"><span class='ocrx_word' id='word_1_287' title='bbox 0 0 1238 3938; x_wconf 95' lang='lat' dir='ltr'><em> </em></span> 
     </span>
    </p>
   </div>
  </div>
 </body>
</html>
