2446 3938
345 192 631 245 nnuunurosuu
650 195 758 244 amaa
776 195 823 246 rx.
1030 192 1096 257 385

543 421 630 489 XIX.

148 564 243 630 Datis
262 565 367 630 tribus
386 566 540 649 numeris,
563 565 691 650 quando
715 567 784 630 fieri
803 566 917 650 possit,
943 572 980 630 ut
999 589 1093 651 quar-

82 674 134 736 tus
158 693 271 736 eorum
294 672 552 757 proportionalis
576 673 774 752 inueniatur,
798 673 968 758 inquirere.

149 776 223 843 Sint
246 778 313 843 dati
336 783 402 844 tres
425 779 551 842 numeri
575 785 621 862 A,
641 784 679 864 B,
698 783 733 863 Γ,
758 783 791 844 et
813 780 1017 863 propositum
1041 779 1093 864 sit,

82 889 118 949 ut
145 886 359 970 inquiramus,
390 886 518 970 quando
543 889 677 970 quartus
701 908 812 951 eorum
839 886 1093 970 proportionalis

81 992 221 1056 inueniri
243 992 357 1078 possit.

147 1098 262 1182 Itaque
294 1102 352 1162 aut
386 1121 451 1163 non
479 1103 555 1164 sunt
585 1099 735 1183 deinceps
768 1101 1027 1183 proportionales
1060 1103 1092 1163 et

84 1194 219 1269 extremi
242 1226 353 1269 eorum
376 1204 462 1268 inter
486 1226 520 1269 se
543 1204 640 1287 primi
664 1208 749 1290 sunt,
773 1208 829 1268 aut
848 1204 999 1289 deinceps
1017 1229 1092 1290 pro·

59 1311 280 1394 portionales
309 1314 384 1375 sunt
407 1315 440 1376 et
463 1311 599 1375 extremi
618 1333 729 1376 eorum
747 1311 834 1375 inter
853 1333 887 1375 se
909 1311 1007 1393 primi
1026 1334 1093 1376 non

83 1420 171 1501 sunt,
204 1421 261 1482 aut
298 1438 403 1502 neque
440 1417 591 1502 deinceps
628 1417 887 1502 proportionales
921 1421 998 1481 sunt
1034 1439 1092 1483 nec

80 1525 216 1588 extremi
244 1546 355 1589 eorum
383 1524 468 1588 int'er
496 1545 530 1587 se
558 1523 667 1607 primi,
699 1526 755 1588 aut
782 1527 815 1587 et
842 1523 992 1608 deinceps
1020 1547 1092 1610 pro-

81 1631 281 1712 portionales
306 1633 339 1694 ct
361 1631 495 1694 extremi
518 1649 630 1693 eorum
652 1629 736 1693 inter
760 1651 794 1695 se
816 1631 923 1713 primi.

146 1735 218 1799 Iam
247 1736 274 1799 si
297 1741 342 1818 Α,
366 1739 409 1818 Β,
432 1738 464 1798 Γ
488 1735 637 1817 deinceps
666 1737 923 1819 proportionales
951 1742 1028 1802 sunt
1060 1743 1093 1803 et

82 1840 218 1905 extremi
251 1861 362 1904 eorum
389 1845 435 1922 A,
453 1842 485 1904 Γ
513 1840 598 1902 inter
626 1861 659 1903 se
691 1841 801 1926 primi,
834 1842 1092 1910 demonstratum

80 1951 140 2031 est,
160 1949 312 2031 quartum
328 1967 438 2010 eorum
453 1945 732 2029 proportionalem
751 1947 891 2011 inueniri
910 1970 977 2013 non
996 1972 1092 2034 posse

82 2056 187 2137 [prop.
207 2051 345 2137 XVII}¹
374 2073 415 2116 nc
441 2051 508 2116 sint
530 2051 632 2136 igitur
655 2057 701 2136 A,
718 2056 762 2136 B,
785 2055 818 2117 Γ
837 2052 988 2138 deinceps
1016 2078 1093 2138 pro-

80 2159 282 2244 portionales
310 2159 462 2222 extremis
490 2179 602 2223 rursus
625 2157 710 2221 inter
734 2179 767 2221 se
794 2158 909 2242 primis
932 2163 1091 2226 manenti-

81 2267 151 2330 bus.
197 2266 282 2348 dico,
305 2286 347 2329 ne
371 2265 570 2349 sicquidem
594 2267 746 2348 quartum
769 2287 881 2330 eorum
908 2269 1093 2350 proportio-

80 2373 189 2436 nalem
208 2371 346 2435 inueniri
365 2391 470 2454 posse.
477 2367 502 2456 ¹)
548 2391 625 2434 nam
640 2369 668 2433 si
686 2369 757 2434 fieri
771 2375 889 2456 potest,
907 2373 1094 2439 inueniatur

138 2602 178 2668 ·1)
196 2601 258 2655 Hoc
277 2597 391 2668 quidem
408 2596 511 2652 falsum
529 2612 603 2664 esse,
622 2597 685 2665 quis
704 2615 760 2651 non
778 2597 874 2654 uidet?
894 2616 992 2654 uerum
1012 2599 1092 2656 dedit

78 2672 232 2726 scholiasta
249 2669 402 2725 Uaticanus
422 2671 459 2738 (u.
478 2669 541 2722 adn.
562 2667 646 2737 erit);
671 2669 771 2723 erroris
791 2670 929 2740 originem
951 2671 1090 2726 indicauit

78 2745 189 2811 August
210 2742 236 2796 H
258 2760 285 2812 p.
305 2747 366 2795 351.
403 2755 493 2808 neque
517 2737 592 2792 enim
615 2743 639 2792 E
664 2739 785 2794 inueniri
807 2745 902 2810 potest
925 2746 962 2811 (p.
982 2747 1042 2810 386,
1062 2744 1089 2811 4)

77 2813 193 2866 inuento
218 2819 251 2869 Δ.
288 2811 338 2866 sed
356 2811 432 2879 quod
453 2811 529 2864 idem
553 2810 718 2878 scripturam
739 2811 862 2866 Theonis
881 2812 995 2883 recepit,
1015 2813 1089 2868 male

76 2899 138 2937 rem
156 2883 227 2953 egit3
247 2900 281 2938 ea
298 2883 373 2937 enim
390 2879 577 2952 propositioni
595 2881 677 2950 plene
693 2881 807 2936 minine
821 2885 979 2953 respondet.
1014 2884 1091 2952 equi·
1121 2895 1123 2900 ’

79 2954 143 3008 dem
165 2957 198 3009 ut
221 2955 368 3008 adfirmare
390 2970 446 3007 non
469 2950 573 3021 ausim,
596 2951 742 3006 Euclidem
763 2953 851 3008 talem
870 2971 991 3010 emonem
1017 2971 1091 3010 com-

78 3025 199 3092 misisse,
218 3026 260 3079 ita
278 3024 444 3094 scripturam
463 3020 567 3076 codicis
587 3021 608 3074 P
627 3021 803 3078 retinendam
821 3027 908 3095 puto,
927 3026 993 3094 quia
1011 3041 1091 3094 aper·

76 3095 185 3150 tissime
204 3097 244 3151 sic
262 3095 319 3150 iam
339 3094 461 3150 Theonis
475 3091 649 3162 temporibus
663 3092 807 3148 ferebatur
821 3097 896 3165 (ideo
910 3096 984 3151 enim
998 3096 1091 3165 ipsum

78 3183 140 3221 eam
155 3165 297 3235 mutauit),
310 3183 362 3222 nec
375 3165 520 3232 habemus,
538 3179 594 3232 quo
613 3163 696 3219 modo
715 3165 810 3234 aliqua
823 3168 924 3222 saltem
937 3166 1091 3290 probabili-

77 3238 138 3292 tate
151 3239 323 3293 restituatur.
351 3253 416 3291 nam
431 3236 589 3305 Campanus
608 3235 680 3305 (siue
694 3235 789 3304 potius
803 3237 921 3305 Arabes)
951 3237 1090 3306 iberrime,

77 3310 110 3363 ut
133 3310 218 3377 solet,
237 3311 330 3364 locum
352 3308 481 3362 mutauit
522 3305 678 3379 habetlIX,
702 3311 750 3361 20:
774 3308 865 3374 „datis
884 3307 974 3362 tribus
991 3325 1088 3362 nume-

77 3381 115 3435 ris
138 3383 270 3438 continue
293 3377 562 3450 proportionalibus,
586 3393 623 3431 an
645 3377 683 3430 sit
706 3375 809 3446 aliquis
829 3381 943 3447 quartus
967 3378 1007 3434 eis
1026 3397 1090 3435 con-

76 3453 156 3506 tinue
174 3452 392 3524 proportionalis
410 3448 576 3518 inquirere“.
614 3446 727 3502 deinde:
752 3447 845 3518 „idem
863 3452 943 3520 potes
962 3467 1090 3520 perscrn-
1139 3507 1141 3511 ,

76 3523 133 3579 tari
152 3525 292 3591 quotlibet
309 3523 441 3578 continue
459 3517 661 3589 proportional.
680 3521 858 3592 propositir.“

130 3623 277 3676 Euclides,
293 3623 343 3664 edd.
357 3621 460 3671 Herberg
474 3622 497 3661 et
510 3619 600 3669 Mense.
630 3619 662 3660 Π.
895 3616 929 3664 25
