2446 3938
134 178 198 244 136
509 176 712 229 Σνουεωαα
731 171 769 233 ς’.

132 327 207 389 ΝΘ.
260 315 333 386 ἄλλ’
369 316 414 398 ὡς
447 314 468 404 ἡ
497 323 578 385 ΑΜ
605 317 689 405 πρὸς
715 321 798 402 ΜΓ,
832 313 938 395 οὕτως
969 312 1007 381 τὸ
1036 320 1153 383 ΑΒΜ

135 430 328 513 [τρίγωνον]
362 422 446 511 πρὸς
478 424 515 491 τὸ
549 430 666 509 ΜΒΓ,
695 423 752 490 καὶ
783 419 821 490 τὸ
850 427 964 488 ΑΜΕ
993 419 1078 508 πρὸς
1111 418 1149 489 τὸ

134 537 252 601 ΕΜΓ
282 528 366 618 πρὸς
385 528 513 616 ἄλληλα
535 528 600 618 γάρ
625 533 710 598 εἰσιν
735 527 780 609 ὡς
803 531 841 596 αλ
861 527 985 613 βάσεις.
1021 527 1079 595 καὶ
1103 525 1150 608 οὓς

134 636 200 727 ἅμα
224 641 260 705 ἓν
284 641 355 705 τῶν
379 633 576 723 ἡγουμένων
595 635 678 725 πρὸς
697 639 734 704 ἓν
752 640 821 703 τῶν
840 633 1024 721 ἕπόμευωυ,
1044 631 1152 715 οὕτως

99 745 266 812 εᾶπαυτα
291 743 332 811 τὰ
361 741 532 831 ἡγούμενα
559 741 645 830 πρὸς
672 741 803 811 ἅπαντα
830 741 870 809 τὰ
903 739 1062 827 ἑπόμενα·
1105 738 1151 821 ὡς

135 849 200 937 ἄρα
231 850 268 919 τὸ
303 857 413 918 ΑΜΒ
445 854 612 936 τρίγωνον
643 848 726 937 πρὸς
757 848 795 917 τὸ
823 852 941 933 ΒΜΓ,
974 846 1081 926 οὕτως
1110 845 1150 914 τὸ

135 964 238 1024 ΑΒΕ
263 956 348 1046 πρὸς
379 954 416 1023 τὸ
445 961 551 1033 ΓΒΕ.
601 955 675 1024 ἀλλ’
711 953 756 1036 ὥς
787 954 825 1023 τὸ
859 959 971 1022 ΑΜΒ
999 952 1083 1041 πρὸς
1110 951 1150 1021 τὸ

135 1068 251 1150 ΒΜΓ,
270 1061 377 1143 οὕτως
398 1061 419 1149 ἡ
438 1070 519 1132 ΑΜ
532 1061 616 1151 πρὸς
629 1069 714 1131 ΜΓ·
732 1062 788 1130 καὶ
803 1060 848 1142 ὡς
861 1058 927 1148 ἄρα
941 1057 962 1146 ἡ
977 1065 1058 1126 ΑΜ
1067 1057 1153 1146 πρὸς

136 1174 216 1255 ΜΓ,
232 1166 338 1249 οὕτως
351 1167 388 1237 τὸ
404 1176 507 1236 ΑΒΕ
525 1173 692 1255 τρίγωνον
705 1167 789 1255 πρὸς
805 1166 843 1235 τὸ
859 1172 959 1234 ΕΒΓ
973 1171 1152 1253 τρίγωνον.

85 1289 118 1338 10
137 1273 194 1341 διὰ
213 1273 252 1341 τὰ
273 1271 357 1342 αὐτὰ
376 1273 419 1361 δὴ
433 1275 489 1342 καὶ
504 1271 671 1360 ωςὴΖΝ
680 1272 763 1362 πρὸς
776 1280 856 1359 ΝΘ,
871 1270 978 1352 οὕτως
991 1271 1029 1340 τὸ
1046 1277 1153 1339 ΖΗΛ

136 1386 303 1468 τρίγωνον
318 1378 400 1468 πρὸς
412 1379 451 1448 τὸ
465 1387 570 1448 ΗΛΘ
583 1385 759 1468 τρίγωνον.
794 1384 853 1447 καί
870 1382 959 1448 ἐστιν
979 1376 1024 1458 ὡς
1038 1374 1059 1463 ἡ
1074 1386 1106 1445 Α
1111 1383 1158 1444 Μ

137 1486 220 1573 πρὸς
238 1492 319 1573 ΜΓ,
338 1484 444 1567 οὕτως
462 1484 483 1573 ἡ
503 1494 574 1554 ΖΝ
588 1485 673 1574 πρὸς
686 1493 768 1554 ΝΘ·
789 1486 844 1554 καὶ
859 1483 904 1566 ὡς
918 1483 982 1574 ἄρα
996 1485 1034 1553 τὸ
1050 1491 1156 1552 ΑΒΕ

137 1597 304 1679 τρίγωνον
331 1591 415 1679 πρὸς
446 1593 483 1662 τὸ
512 1600 613 1662 ΒΕΓ
640 1599 822 1681 τρίγωνον,
851 1590 957 1673 οὕτως
983 1591 1021 1660 τὸ
1046 1597 1154 1659 ΖΗΛ

138 1704 304 1785 τρίγωνον
332 1699 416 1784 πρὸς
441 1699 480 1769 τὸ
508 1706 613 1768 ΗΛΘ
640 1705 823 1786 τρίγωνον,
853 1699 909 1767 καὶ
937 1696 1080 1778 ἐναλλὰξ
1107 1695 1155 1779 ὡς

87 1818 119 1867 15
138 1804 176 1872 τὸ
205 1813 308 1874 ΑΒΕ
332 1812 499 1895 τρίγωνον
525 1806 610 1894 πρὸς
636 1806 675 1874 τὸ
707 1813 810 1874 ΖΗΛ
836 1811 1016 1894 τρίγωνον,
1044 1802 1155 1885 οὕτως

138 1910 176 1979 τὸ
200 1917 302 1980 ΒΕΓ
320 1918 486 2000 τρίγωνον
509 1911 593 2002 πρὸς
615 1912 654 1981 τὸ
674 1919 781 1981 ΗΛΘ
799 1917 976 2000 τρίγωνον.
1027 1908 1154 1997 ὁμοίως

139 2016 181 2104 δὴ
216 2022 365 2106 δείξομεν
398 2022 654 2108 ἐπιζευχθεισῶν
688 2023 756 2089 τῶν
784 2026 867 2105 ΒΛ,
890 2024 977 2104 ΗΚ,
1010 2015 1063 2087 ὅτι
1094 2019 1153 2086 καὶ

140 2122 185 2206 ὥς
221 2124 259 2194 τὸ
297 2132 399 2195 ΒΕΓ
429 2132 596 2213 τρίγωνον
633 2125 717 2214 πρὸς
752 2124 790 2193 τὸ
829 2130 933 2193 ΛΗΘ
973 2130 1154 2212 τρίγωνον,

140 2229 246 2312 οὕτως
273 2232 312 2300 τὸ
341 2238 443 2301 ΕΓΔ
469 2237 636 2319 τρίγωνον
666 2231 750 2319 πρὸς
781 2230 819 2300 τὸ
847 2237 953 2299 ΛΘΚ
977 2236 1155 2318 τρίγωνον.

87 2350 121 2400 20
140 2338 195 2404 καὶ
220 2339 293 2405 ἐπεί
313 2340 403 2406 ἐστιν
432 2335 477 2416 ὡς
503 2336 542 2404 τὸ
568 2344 670 2404 ΑΒΕ
691 2342 857 2423 τρίγωνον
880 2336 964 2424 πρὸς
986 2337 1024 2405 τὸ
1049 2343 1156 2405 ΖΗΛ

139 2448 322 2531 τρίγωνον,
347 2441 454 2522 οὕτως
475 2441 513 2510 τὸ
538 2449 640 2510 ΕΒΓ
657 2444 742 2531 πρὸς
763 2443 801 2512 τὸ
826 2450 946 2531 ΛΗΘ,
969 2444 1025 2512 καὶ
1044 2448 1091 2511 ἔτι
1115 2445 1154 2513 τὸ

141 2555 242 2618 ΕΓΔ
264 2548 348 2637 πρὸς
370 2546 408 2616 τὸ
433 2553 549 2633 ΛΘΚ,
571 2548 627 2615 καὶ
651 2547 695 2629 ὡς
718 2547 784 2638 ἄρα
808 2552 844 2617 ἓν
867 2555 936 2619 τῶν
954 2548 1156 2637 ἡγουμένων

140 2655 224 2744 πρὸς
254 2657 291 2722 ἓν
319 2657 387 2722 τῶν
414 2653 603 2741 ἑπομένων,
632 2652 739 2735 ούιως
766 2653 897 2723 ἅπαντα
919 2655 960 2725 τὰ
984 2655 1157 2744 ἡγούμενα

140 2760 225 2847 πρὸς
253 2758 384 2827 ἅπαντα
415 2759 455 2825 τὰ
489 2759 647 2846 ἑπόμενα·
685 2766 775 2830 ἔστιν
812 2760 879 2851 ἄρα
911 2760 956 2843 ὡς
987 2761 1025 2830 τὸ
1054 2770 1159 2830 ΑΒΕ

88 2880 122 2929 25
141 2870 309 2953 τρίγωνον
328 2864 412 2954 πρὸς
429 2864 467 2934 τὸ
484 2872 587 2933 ΖΗΛ
600 2872 779 2955 τρίγωνον,
799 2865 906 2947 οὕτως
923 2866 961 2936 τὸ
983 2874 1160 2937 ΑΒΓΔΕ

141 2970 342 3058 πολύγωνον
370 2971 453 3060 πρὸς
479 2972 517 3041 τὸ
548 2979 716 3042 ΖΗΘΚΛ
744 2973 953 3060 πολύγωνον.
1003 2972 1089 3042 ἀλλὰ
1117 2975 1156 3044 τὸ

141 3085 247 3147 ΑΒΕ
267 3083 434 3165 τρίγωνον
463 3079 547 3168 πρὸς
568 3080 606 3149 τὸ
632 3087 736 3148 ΖΗΛ
759 3086 927 3167 τρίγωνον
955 3085 1158 3149 διπλασίονα

141 3185 246 3272 λόγου
280 3190 346 3272 ἔχει
379 3183 462 3275 ἥπερ
490 3184 511 3272 ἡ
539 3195 604 3254 ΑΒ
633 3185 798 3274 ὁμόλογος
829 3186 956 3275 πλευρὰ
983 3186 1067 3274 πρὸς
1094 3187 1158 3273 ιὴυ

142 3297 214 3358 ΖΗ
244 3288 412 3377 ὁμόλογον
444 3291 608 3383 πλευρύυζ
649 3293 688 3360 τὰ
722 3291 788 3380 γὰρ
816 3289 917 3378 ὅμοια
944 3297 1092 3381 τρίγωνα
1120 3294 1159 3361 ἐν

215 3457 238 3504 1.
259 3446 296 3512 ὡς
320 3450 373 3519 μέν
395 3451 426 3507 Ρ.
518 3445 607 3514 οὕτως
635 3454 687 3507 καί
706 3470 733 3522 p.
825 3457 850 3506 2.
875 3452 1025 3523 τρίγωνον]
1049 3468 1103 3506 om.
1126 3451 1158 3509 P.

142 3518 213 3591 πρὸς
235 3517 267 3576 τὸ
291 3525 391 3593 ΜΒΓ,
418 3521 467 3577 καὶ
494 3518 526 3576 τὸ
554 3524 661 3594 ΑΜΕ]
689 3541 746 3594 mg.
770 3540 807 3576 m.
833 3528 847 3576 1
872 3539 926 3578 om.
954 3523 1047 3592 priore
1069 3518 1102 3577 τό
1126 3523 1159 3578 Ρ.
1198 3536 1202 3551 ¹
