2446 3938
147 195 212 260 346
522 194 722 247 momen
740 187 784 246 οἱ

146 334 420 414 λαπλασιάσας
457 337 549 422 ποιῇ
586 360 690 419 τινα,
732 332 751 402 ὁ
787 333 1007 421 γενόμενος
1045 336 1170 422 κύβος

148 448 265 510 ἔσταα

213 549 329 633 Κύβος
360 545 424 635 γάρ
458 545 604 634 άοιθμος
638 545 655 614 ὁ
680 555 712 614 A
738 545 844 631 κύβον
872 544 1023 635 ἀριθμὸν
1052 575 1119 616 τον
1142 556 1168 615 Β

90 655 440 735 πολλαπλασιάσας
462 652 523 722 τὸν
546 659 577 721 Γ
595 659 742 722 ποιείτω·
775 651 915 739 λέγω,”
896 678 947 720 οτι
972 650 990 721 ὁ
1012 659 1046 720 Γ
1064 656 1169 740 κύβος

112 763 246 830 ὂὲστίν

209 865 245 934 ‘0
271 864 335 952 γάρ
359 874 391 932 A
415 864 536 934 ἑαυτὸν
559 867 851 945 πολλαπλασιάσας
873 865 935 934 τὸν
960 873 993 932 A
1016 873 1167 936 ποιείτω·

148 971 167 1042 ὁ
196 982 230 1040 A
261 970 328 1058 άρα
360 972 464 1056 κύβος
496 973 595 1039 ἐστίν.
640 971 696 1038 καὶ
728 972 799 1039 ἐπεὶ
832 968 850 1038 ὁ
884 981 916 1040 A
949 970 1074 1040 ἑαυτὸν
1107 973 1168 1060 μὲν

147 1078 440 1157 πολλαπλασιάσας
470 1076 530 1146 τὸν
555 1085 589 1143 A
615 1083 808 1164 πεποίηκεν,
835 1075 896 1146 τὸν
924 1078 963 1146 δὲ
988 1086 1014 1146 Β
1043 1087 1169 1148 πολλα-

147 1186 332 1265 πλασιάσας
359 1188 419 1253 τὸν
442 1190 474 1252 Γ
492 1189 685 1270 πεποίηκεν,
714 1188 806 1252 ἔστιν
829 1182 894 1273 α”ρα
917 1183 962 1264 ὡς
984 1181 1003 1250 ὁ
1027 1194 1060 1252 Α
1084 1189 1169 1273 πρὸς

97 1310 129 1359 10
148 1295 207 1359 τὸν
231 1299 275 1378 Β,
304 1289 410 1370 οὕτως
440 1291 458 1357 ὁ
487 1299 521 1356 A
550 1293 633 1378 πρὸς
660 1293 720 1358 τὸν
743 1297 779 1359 Γ.
825 1292 881 1358 καὶ
908 1291 978 1358 ἐπεὶ
1006 1293 1043 1359 οί
1063 1301 1115 1377 A,
1139 1300 1167 1360 B

146 1398 246 1484 κύβοι
268 1402 370 1483 είσίν,
393 1397 505 1484 ὅμοιοι
529 1403 660 1483 στερεοί
680 1401 767 1465 εἰσιν
790 1400 826 1465 οί
847 1405 890 1483 A,
909 1405 947 1467 B.
983 1401 1052 1466 τῶν
1074 1408 1120 1485 A,
1140 1407 1168 1467 B

147 1503 213 1589 άρα
241 1502 304 1570 δύο
334 1505 429 1589 μέσοι
452 1501 622 1587 άνάλομον
646 1506 864 1589 ἐμπίπτουσιν
887 1500 1043 1592 ἀριθμοί·
1082 1503 1169 1574 ὥστε

146 1609 203 1675 καὶ
225 1612 293 1676 τῶν
313 1616 357 1693 A,
377 1614 409 1675 Γ
428 1607 491 1675 δύο
515 1609 611 1693 μέσοι
633 1607 804 1695 άνάλογον
828 1613 1051 1695 ἐμπεσοῦνται
1068 1608 1169 1695 άριθ-

147 1719 212 1800 μοί.
258 1720 316 1781 καί
337 1717 406 1782 ἐστι
428 1713 530 1800 κύβος
554 1711 571 1782 ὁ
597 1723 642 1781 A·
674 1715 777 1800 κύβος
800 1714 865 1803 άρα
887 1716 943 1782 καὶ
966 1713 984 1782 ὁ
1008 1722 1050 1783 Γ·
1085 1715 1168 1805 ὅπερ

97 1837 132 1887 16
151 1823 219 1887 ἔδει
242 1823 355 1903 δείξαι.

632 1927 670 1994 ε’.

212 2033 300 2101 Ἐάν
335 2034 457 2120 κύβος
493 2029 665 2121 ἀριθμὸς
697 2030 871 2119 ἀριθμόν
903 2059 991 2101 τινα
1022 2043 1168 2105 πολλα-

147 2139 370 2219 πλασιάσας
395 2141 520 2226 κύβον
557 2144 667 2227 ποιῇ,
699 2139 763 2206 καὶ
795 2136 814 2206 ὁ
846 2146 1168 2210 πολλαπλασιασ-

148 2246 236 2325 θεὶς
258 2245 378 2332 κύβος
401 2251 521 2313 ἔσται.

96 2369 130 2419 20
216 2353 332 2437 Κύβος
368 2355 432 2439 γὰρ
465 2349 609 2439 άμιθμος
641 2349 659 2418 ὁ
692 2359 725 2419 A
756 2347 905 2438 άριθμόν
935 2379 1011 2421 τινα
1042 2356 1104 2422 τὸν
1139 2362 1167 2422 Β

148 2457 439 2536 πολλαπλασιάσας
461 2457 567 2543 κύβον
589 2460 649 2525 τὸν
673 2464 705 2526 Γ
723 2464 870 2527 ποιείτω·
902 2460 999 2544 λέγω,
1022 2456 1075 2525 ὅτι
1099 2457 1118 2527 ὁ
1139 2467 1168 2528 Β

147 2566 250 2650 κύβος
273 2567 373 2632 ἐστίν.

210 2669 245 2736 Ὁ
272 2673 337 2759 γάρ
365 2680 393 2737 Α
416 2671 537 2738 ἑαυτὸν
560 2669 852 2750 πολλαπλασιάσας
874 2672 934 2738 τὸν
960 2678 993 2736 A
1016 2676 1166 2738 ποιείτω·

149 2776 251 2859 κύβος
275 2773 340 2862 άρα
364 2777 454 2842 ἐστίν
473 2773 491 2843 ὁ
507 2783 548 2843 A.
580 2776 635 2842 καὶ
655 2777 724 2843 ἐπεὶ
743 2774 761 2844 ὁ
777 2786 809 2844 Α
828 2777 949 2844 ἑαυτὸν
968 2776 1030 2862 μὲν
1044 2784 1167 2844 πολλα-

97 2902 131 2952 νσ
149 2881 335 2958 πλασιάσας
362 2884 422 2948 τὸν
447 2890 480 2948 A
502 2887 695 2969 πεποίηκεν,
725 2884 785 2950 τὸν
809 2881 847 2949 δὲ
870 2890 898 2949 Β
921 2886 1169 2951 πολλαπλασιά-

148 3007 209 3065 σας
231 2988 291 3053 τὸν
311 2991 344 3052 Γ
362 2993 552 3074 πεποίηκεν,
576 2992 665 3055 ἔστιν
689 2987 754 3074 άρα
778 2986 824 3067 ως
848 2989 866 3056 ὁ
885 2999 918 3056 Α
939 2992 1023 3076 πρὸς
1046 2991 1105 3056 τὸν
1126 2998 1168 3076 B,

149 3091 167 3162 ὃ
196 3102 229 3160 A
260 3095 345 3182 πρὸς
376 3095 437 3161 τὸν
465 3100 500 3162 Γ.
546 3093 602 3160 καὶ
636 3095 704 3162 ἐπεὶ
738 3098 773 3162 οί
798 3104 847 3181 A,
875 3101 908 3162 Γ
935 3097 1035 3181 κύβοι
1066 3100 1168 3183 είσίν,

148 3199 260 3286 ὅμοιοι
283 3206 414 3286 στερεοί
435 3205 528 3268 είσιν.
575 3205 642 3268 τῶν
667 3209 716 3288 A,
740 3208 771 3269 Γ
791 3201 856 3289 άρα
880 3202 942 3270 δύο
966 3204 1062 3287 μέσοι
1085 3201 1169 3272 άνά-

222 3383 247 3430 6.
266 3397 321 3446 γαρ
339 3377 379 3448 A]
401 3372 496 3448 Αγάρ
516 3378 605 3446 Bqu.
671 3385 686 3431 7
690 3379 756 3465 A]
780 3395 837 3447 seq.
856 3395 910 3432 ras.
933 3379 1069 3447 111666).
1109 3376 1173 3436 ἐστί

148 3447 211 3514 Vq).
284 3453 309 3501 8.
333 3450 471 3516 πεποίηκε
493 3449 555 3517 Vq).
630 3454 670 3502 10.
690 3423 756 3520 τόν]
784 3449 828 3504 bis
852 3466 905 3504 om.
930 3450 961 3503 B
1037 3456 1078 3506 11.
1108 3450 1166 3506 εἰσι

149 3516 211 3584 Vq).
286 3514 372 3588 οἱΑ,
396 3519 434 3588 Β]
464 3535 518 3573 om.
542 3519 631 3588 Bvqu.
711 3526 753 3575 13.
777 3520 849 3591 τῶν]
880 3537 895 3574 ο
920 3537 988 3576 corr.
1012 3520 1045 3575 V.
1124 3529 1167 3577 14.
