2446 3938
98 189 164 255 385
471 186 673 238 zTOIXELQN
691 182 736 241 θ’.

99 329 274 417 ἀλλήλους.
316 330 418 415 λέγω,
448 327 500 395 ὅτι
527 326 583 393 καὶ
611 322 719 405 οὕτως
740 323 914 394 άὸύνατόν
945 329 1047 396 ἐστιν
1073 327 1134 397 αὐ-

99 450 169 515 τοῖς
191 437 349 522 τέταρτον
372 431 543 519 ἀνάλογον
566 445 775 521 προσευρεῖν.
811 435 843 499 εί
864 430 932 518 γὰρ
959 435 1131 520 δυνατόν,

100 540 349 630 προσευρήσθω
374 538 392 609 6
416 548 467 625 A,
491 540 576 607 ὥστε
595 536 683 606 εἶναι
702 537 748 619 άς
765 537 827 606 τὸν
844 546 878 606 A
896 537 986 627 πρὸς
1003 538 1074 609 τὸν
1092 549 1133 627 Β,

100 648 160 716 τὸν
189 654 221 714 Γ
245 648 328 735 πρὸς
355 645 416 714 τὸν
440 654 488 730 A,
515 646 571 713 καὶ
599 647 763 732 γεγονέτω
787 642 832 725 ὡς
855 642 873 713 6
898 652 927 713 Β
952 643 1046 732 πρὸς
1069 646 1130 716 τὸν

65 762 144 840 οΓ,
177 752 195 822 6
229 763 263 820 A
294 751 377 839 πρὸς
403 752 464 820 τὸν
492 760 530 821 Ε.
575 752 631 841 καλ
659 753 732 819 ἐπεῖ
757 753 848 820 ἐστιν
875 749 920 831 άς
948 751 1014 838 μὲν
1045 750 1066 821 6
1098 763 1131 821 A
1217 737 1222 758 ,

101 860 186 948 πρὸς
209 858 268 927 τὸν
293 866 334 944 Β,
359 855 376 925 6
402 863 434 924 Γ
451 856 535 945 πρὸς
556 857 618 927 τὸν
641 867 690 944 A,
721 856 767 939 ὦς
790 857 828 927 δὲ
852 855 924 937 ὁΒ
947 857 1039 947 πρὸς
1065 858 1130 928 τὸν

102 973 144 1051 Γ,
168 964 186 1034 6
212 973 245 1032 A
267 963 350 1051 πρὸς
372 962 433 1031 τὸν
456 972 502 1051 Β,
526 964 571 1031 δι’
598 972 675 1032 ἴσον
698 962 764 1052 ἄρα
787 960 833 1043 ὡς
856 960 874 1032 6
899 973 932 1031 A
954 962 1045 1051 πρὸς
1064 965 1128 1034 τὸν

102 1079 139 1160 Γ,
162 1068 180 1139 6
205 1077 237 1139 Γ
256 1069 339 1159 πρὸς
361 1070 422 1138 τὸν
446 1078 483 1138 Β.
522 1073 558 1138 οἱ
578 1070 616 1138 66
639 1080 682 1156 A,
700 1077 733 1138 Γ
751 1074 893 1159 πρῶτοι,
917 1070 954 1138 oc
975 1069 1015 1139 δὲ
1039 1075 1129 1159 πρῶ-

102 1204 154 1245 τοι
177 1178 232 1244 καλ
257 1176 439 1264 ἐλάχιστοι,
463 1180 498 1245 oc
519 1176 556 1245 δὲ
579 1176 746 1264 ἐλάχιστοι
769 1179 930 1265 μετροῦσι
958 1174 1042 1257 τοὺς
1065 1177 1129 1246 τὸν

51 1296 84 1346 10
104 1283 209 1353 αὐτὸν
234 1283 337 1369 λόγον
361 1288 498 1370 ἔχοντας
521 1282 540 1351 6'
563 1309 598 1351 τε
625 1281 813 1371 ἡγούμενος
839 1282 900 1351 τὸν
928 1279 1148 1377 ἡγούμενον.

103 1392 159 1458 καὶ
187 1388 205 1458 6
235 1388 398 1475 ἑπόμενος
424 1388 485 1457 τὸν
508 1389 683 1476 ἑπόμενον.
728 1402 843 1478 μετρεῖ
864 1387 931 1476 άρα
955 1386 974 1457 6
998 1399 1034 1457 A
1065 1390 1129 1460 τὸν

103 1503 135 1564 Γ
159 1494 203 1574 ὡς
230 1493 417 1580 ἡγούμενος
444 1494 646 1583 ἡγούμενον.
691 1509 805 1583 μετρεῖ
830 1495 868 1564 δὲ
899 1495 956 1562 καὶ
984 1495 1128 1567 ἑαυτόν·

104 1599 122 1668 6
147 1610 179 1667 A
203 1599 268 1685 ἄρα
291 1599 371 1679 τοὺς
389 1610 432 1685 A,
450 1607 483 1668 Γ
502 1615 615 1690 μετρεῖ
630 1600 783 1690 πρώτους
801 1599 902 1682 ὄντας
920 1603 1005 1690 πρὸς
1024 1599 1128 1692 άλλή-

104 1714 198 1785 λους·
230 1703 311 1792 ὅπερ
341 1706 431 1773 ἐστὶν
459 1703 639 1776 ἀδύνατον.
687 1705 750 1776 οὐκ
777 1707 843 1795 άρα
869 1721 941 1788 τοῖς
964 1718 1012 1795 A,
1032 1717 1081 1797 Β,
1100 1717 1132 1780 Γ

53 1824 86 1873 15
108 1811 258 1880 δυνατόν
283 1814 352 1880 ἐστι
374 1814 533 1901 τέταρτον
556 1810 728 1899 ἀνάλογον
751 1827 961 1902 προσευρεῖν.
1067 1866 1070 1871 -

169 1917 267 1986 Ἀλλά
298 1917 340 2005 66
373 1918 476 1987 πάλιν
504 1924 652 1987 ἔστωσαν
686 1923 721 1988 οἱ
750 1929 797 2007 A,
816 1927 860 2007 Β,
878 1925 910 1987 Γ
938 1919 1015 2007 ἑξῆς
1047 1919 1129 1991 άνά·

105 2033 224 2111 λογον,
254 2029 289 2092 ολ
314 2023 351 2092 66
383 2034 426 2107 A,
446 2031 479 2092 Γ
506 2023 551 2111 μὴ
581 2030 730 2093 ἔστωσαν
757 2030 882 2115 πρῶτοι
913 2024 1000 2112 πρὸς
1027 2023 1129 2116 ἀλλή-

106 2139 193 2210 λους.
236 2128 413 2217 λε’γω,.ὅτι
437 2130 585 2199 δυνατόν
609 2133 699 2198 ἐστιν
723 2128 838 2211 αὐτοῖς
859 2132 1020 2220 τέταρτον
1045 2130 1130 2202 άνά-

107 2246 209 2325 λογον
237 2249 446 2325 προσευρεῖν.
493 2235 511 2304 6
539 2234 604 2325 γὰρ
632 2244 661 2304 Β
684 2235 744 2306 τὸν
772 2243 804 2304 Γ
828 2239 1130 2321 πολλαπλασιάσας

59 2342 169 2412 λοπὸν
202 2352 235 2410 A
262 2348 410 2411 ποιείτω·
444 2342 461 2411 6
492 2352 523 2410 A
551 2339 616 2430 ἄρα
643 2340 704 2410 τὸν
733 2352 767 2410 A
793 2342 868 2430 ἤτοι
891 2341 1056 2432 μετρεῖῆ
1088 2345 1130 2415 οὐ

108 2463 228 2538 μετρεῖ.
274 2456 429 2535 μετρείτω
458 2445 564 2516 αὐτὸν
591 2446 756 2536 πρότερον
784 2448 866 2517 κατὰ
890 2448 952 2518 τὸν
975 2458 1020 2518 Ε·
1051 2451 1071 2520 6
1096 2460 1131 2521 A

108 2554 173 2642 άρα
200 2553 261 2622 τὸν
289 2562 321 2622 Β
341 2553 634 2634 πολλαπλασιάσας
656 2552 717 2622 τὸν
741 2562 775 2621 A
801 2560 992 2644 πεποίηκεν.
1038 2556 1129 2628 ἀλλὰ

108 2661 175 2749 μὴν
193 2661 249 2728 καὶ
269 2661 287 2730 6
307 2669 335 2728 Β
354 2658 414 2729 τὸν
433 2665 465 2728 Γ
483 2659 777 2739 πολλαπλασιάσας
794 2659 856 2729 τὸν
875 2669 909 2729 A
926 2667 1129 2751 πεποίηκεν·

109 2766 214 2852 ὁάρα
233 2769 268 2834 ἐκ
291 2771 358 2835 τῶν
381 2776 424 2853 Α,
443 2775 475 2834 Ε
495 2776 568 2846 ῖσος
590 2768 659 2835 ἐστὶ
681 2771 727 2860 τῷ
751 2770 787 2837 ἐκ
810 2771 877 2836 τῶν
900 2775 944 2854 Β,
963 2775 1001 2837 Γ.
1044 2770 1131 2842 άνά-
1222 2800 1223 2805 ’

54 2889 89 2938 25
108 2882 212 2959 λογον
245 2871 310 2958 άρα
343 2874 461 2958 [ἐστὶν]
490 2873 534 2952 ὡς
562 2872 579 2940 6
608 2881 641 2940 A
667 2873 751 2960 πρὸς
776 2877 838 2943 τὸν
865 2882 908 2962 Β,
936 2875 955 2944 6
986 2882 1020 2944 Γ
1042 2879 1132 2967 πρὸς

109 2978 170 3048 τὸν
197 2986 239 3046 Ε·
267 2992 338 3058 τοῖς
365 2987 412 3065 Α,
431 2987 475 3065 Β,
495 2985 527 3048 Γ
552 2977 618 3068 ἄρα
645 2981 799 3070 τέταρτος
825 2979 996 3068 άνάλομον
1024 3007 1132 3072 προσ·

109 3087 253 3174 ηὕρηται
277 3086 295 3154 6
320 3093 357 3154 E.

174 3189 271 3260 Ἀλλὰ
298 3190 339 3278 66
364 3190 408 3279 μὴ
432 3197 590 3279 μετρείτω
615 3193 633 3260 6
654 3202 685 3260 A
703 3196 764 3262 τὸν
783 3202 830 3261 A·
853 3195 950 3281 λέγω,
974 3191 1028 3263 ὅτι
1047 3194 1134 3267 άὸύ·

184 3394 207 3440 1.
222 3388 290 3443 Post
303 3383 439 3474 ἀλλήλους
453 3387 514 3440 add
530 3388 604 3443 inP:
623 3371 663 3452 67
672 3383 783 3459 22¹me
767 3409 811 3443 οτι
824 3383 918 3444 ιιαλ”
883 3408 973 3451 ουτως
987 3389 1134 3446 δυνατόν·

112 3454 240 3547 εἰγαρ
230 3478 245 3512 ο
264 3466 286 3512 A
304 3456 354 3513 τὸν
365 3453 488 3583 ὖὲπόΒ,
508 3462 534 3512 Γ
554 3467 662 3551 μετρεῖ,
684 3457 892 3547 προβήσεται“ἡ
916 3460 1004 3547 δειξις
1023 3458 1136 3549 ὁμοίως

112 3534 170 3589 τοις
197 3525 268 3596 ἑξῆς.
311 3528 339 3583 εἰ
385 3527 460 3583 ὲού
486 3537 586 3599 μετρεῖ
612 3526 628 3584 6
656 3537 678 3585 A
700 3528 750 3586 τὸν
773 3526 829 3586 ὑπὸ
856 3535 891 3598 Β,
915 3533 952 3600 Γ,
979 3525 1136 3590 άδάνατον

43 3678 129 3696 ,Α
