2446 3938
101 174 166 239 312
477 170 679 224 nomm
698 166 736 238 η’.

100 316 162 401 νόν
186 319 287 399 εἰσιν,
310 314 367 380 καὶ
389 312 541 400 μετρεῖὸ
568 320 601 378 A
626 310 687 379 τὸν
714 316 759 395 Β,
785 324 897 397 μετρεῖ
924 309 994 399 ἄρα
1015 314 1075 380 καὶ
1100 310 1120 382 5
1192 315 1194 326 '

100 430 132 487 A
159 419 218 488 τὸν
247 428 285 487 Ε.
328 424 389 486 καί
412 420 503 486 ἐστιν
526 417 572 496 ὡς
594 413 613 484 5
637 425 669 483 A
691 416 775 500 πρὸς
800 414 861 484 τὸν
887 423 934 502 Ε,
963 414 1122 498 οὕτωςὸ

100 532 133 593 Γ
149 525 233 611 πρὸς
256 525 315 593 τὸν
340 534 385 591 A·
408 537 521 610 μετρεῖ
541 521 608 610 άρα
629 522 686 589 καὶ
709 520 728 589 5
751 527 784 589 Γ
801 520 862 590 τὸν
885 531 928 592 Δ.

166 631 278 700 Πάλιν
307 629 349 717 δή
377 627 396 697 5
420 636 452 698 Γ
474 628 534 697 τὸν
557 637 591 695 A
614 634 785 715 μετρείτω·
811 629 913 714 λέγω,
936 625 992 696 ὅτι
1014 630 1077 699 καὶ
1099 656 1120 698 ο

65 748 131 805 5A
152 739 213 806 τὸν
236 745 265 804 Β
289 750 408 823 μετρεῖ.

170 848 244 912 Τῶν
267 843 331 929 γάρ
356 840 469 909 αύτάν
490 841 831 908 κατασκευασθέντων
858 836 985 925 ὁμοίως
1009 844 1122 923 δείξο-

99 976 176 1034 μεν,
204 947 256 1017 ὅτι
279 951 314 1015 ολ
335 958 381 1033 Α,
399 955 443 1031 Ε,
462 955 490 1014 Β
515 948 588 1032 ἑξής
611 943 782 1031 άνάλομόν
805 950 890 1014 εἰσιν
913 948 951 1014 ἐν
974 949 1023 1037 τῷ
1053 951 1121 1017 τοῦ

99 1062 131 1124 Γ
155 1054 239 1140 πρὸς
265 1053 326 1122 τὸν
355 1064 388 1121 A
415 1054 513 1145 λόγῳ.
558 1054 615 1121 καὶ
642 1056 717 1121 ε’πεί
740 1054 831 1120 ἐστιν
853 1050 898 1131 άς
925 1048 944 1119 5
971 1057 1008 1119 Γ
1030 1051 1123 1141 πρὸς

98 1162 159 1230 τὸν
183 1170 231 1247 A,
264 1158 369 1240 οὕτως
397 1158 415 1229 5
439 1168 472 1227 A
493 1158 577 1247 πρὸς
598 1161 658 1228 τὸν
681 1167 726 1245 Ε,
753 1172 866 1247 μετρεῖ
890 1157 929 1226 55
952 1154 972 1226 5
995 1165 1031 1227 Γ
1054 1158 1121 1227 τὸν

47 1286 81 1334 10
101 1278 150 1354 A,
178 1282 291 1354 μετρεῖ
315 1266 381 1353 άρα
407 1267 464 1334 καὶ
494 1266 512 1334 5
536 1275 568 1333 A
590 1265 651 1333 τὸν
674 1272 712 1336 Ε.
757 1270 816 1332 καί
836 1268 922 1332 εἰσιν
946 1266 983 1332 oc
1005 1274 1051 1351 A,
1077 1274 1125 1352 E,

98 1382 127 1442 B
150 1375 225 1459 ἑξῆς
248 1372 433 1458 άνάλογον·
456 1386 570 1458 μετρεῖ
589 1370 655 1459 άρα
677 1370 734 1437 καὶ
757 1368 776 1438 5
800 1379 832 1438 A
853 1369 913 1439 τὸν
936 1377 976 1438 Β.

162 1478 240 1545 Ἐὰν
272 1476 338 1561 άρα
367 1477 577 1563 τετράγωνος
608 1475 818 1564 τετράγωνον
850 1479 967 1564 μετρῇ,
1002 1478 1065 1545 καὶ
1097 1476 1123 1567 ή

98 1582 224 1667 πλευρά
247 1580 309 1668 τήν
332 1585 480 1669 πλευράν
503 1581 671 1669 μετρήσει·
694 1582 750 1649 καὶ
773 1580 873 1649 ἕάν“
856 1608 877 1668 η
901 1582 1093 1710 πλευρά
1054 1613 1123 1673 τήν

97 1688 246 1776 πλευράν
281 1692 398 1776 μετρή,
429 1684 531 1755 καὶ
516 1716 534 1756 ο
569 1690 777 1776 τετράγωνος
805 1686 865 1756 τάν
896 1687 1127 1777 τετράγωνον

49 1812 81 1861 15
102 1794 270 1884 μετρήσει·
294 1794 374 1881 ὅπερ
399 1797 466 1862 ἔδει
490 1798 604 1875 δεῖξαι.

577 2013 629 2056 ιε.

160 2112 249 2181 Ἐάν
272 2111 394 2196 κύβος
416 2108 591 2199 άριθμὸς
616 2108 742 2197 κύβον
770 2108 945 2199 ἀριθμὸν
974 2121 1128 2205 μετρῇ,

96 2220 160 2287 καὶ
190 2217 210 2306 ή
239 2217 387 2303 πλευρά
415 2215 487 2303 τήν
515 2214 691 2304 πλευράν
718 2217 914 2305 μετρήσει·
945 2219 1014 2285 καὶ
1045 2221 1128 2291 ἐάν

95 2322 116 2410 ἡ
140 2323 287 2411 πλευρά
311 2322 381 2410 τήν
404 2320 580 2408 πλευράν
604 2328 741 2413 μετρῇ,
764 2324 828 2391 καὶ
853 2320 870 2391 5
894 2321 1018 2409 κύβος
1043 2326 1126 2397 τὸν

42 2448 77 2497 20
97 2429 222 2516 κύβον
246 2427 440 2516 μετρήσει.

161 2534 278 2619 Κύβος
305 2531 370 2620 γάρ
399 2532 589 2623 άριθμὸς“
573 2563 591 2603 ο
616 2545 649 2603 A
670 2535 778 2621 κύβον
800 2533 860 2603 τὸν
883 2542 912 2602 Β
939 2544 1123 2626 μετρείτω,

93 2640 150 2707 καὶ
176 2644 237 2708 τοιῖ
265 2639 327 2726 μὲν
356 2647 388 2706 A
414 2638 540 2726 πλευρά
569 2638 697 2708 ἔστω“
681 2668 699 2708 ο
729 2647 773 2727 Γ,
800 2644 861 2709 τοί
890 2640 928 2709 55
954 2647 984 2708 Β
1011 2669 1032 2711 ο
1067 2655 1122 2711 A·

94 2744 240 2831 λέγω,’
221 2771 272 2812 οτι
296 2744 314 2811 5
340 2744 421 2811 Γ
389 2772 450 2813 τον
474 2754 507 2812 A
530 2759 648 2833 μετρεῖ.

165 2856 193 2915 0
216 2854 248 2915 Γ
270 2846 335 2935 γάρ
359 2849 481 2919 ἑαυτὸν
503 2852 794 2932 πολλαπλασιάσας
820 2848 880 2919 τὸν
904 2859 936 2918 Ε
960 2860 1120 2942 ποιείτω,

41 2950 114 3027 255
143 2952 180 3021 δὲ
209 2962 242 3020 A
265 2952 387 3022 ἑαυτὸν
409 2958 703 3037 πολλαπλασιάσας
724 2955 784 3024 τὸν
812 2964 852 3025 Η
873 2963 1023 3043 ποιείτω,
1053 2962 1118 3029 καὶ

94 3064 142 3127 ἔτι
165 3087 184 3128 ο
209 3065 241 3126 Γ
258 3059 319 3128 τὸν
343 3070 377 3127 A
399 3062 690 3143 πολλαπλασιάσας
707 3060 767 3131 τὸν
788 3070 815 3130 Ζ
835 3068 1008 3149 [ποιείτω],
1033 3065 1118 3135 ἑκά-

166 3219 264 3276 1.είσι
281 3219 343 3290 Vq).
403 3227 428 3275 2.
448 3221 488 3292 Ε]
509 3238 567 3306 seq.
585 3237 638 3276 ras.
660 3221 744 3277 11itt.
760 3221 793 3277 V
854 3228 878 3280 3.
898 3227 1039 3294 μετρεῖ-
1056 3222 1115 3280 τόν

93 3226 210 3413 Δήάαι.
229 3291 260 3343 Ρ
350 3298 375 3347 4.
394 3289 481 3345 πάλιν
500 3287 553 3362 δή]
578 3288 648 3347 άλλά
672 3289 708 3362 δή
733 3295 866 3363 μετρείτω
889 3294 994 3363 Βλίφί
1074 3294 1113 3383 5]

93 3379 129 3411 κα
197 3361 258 3425 Voe
350 3364 502 3448 μετρείτω]
523 3381 576 3418 om.
596 3364 687 3432 Bvoe.
779 3371 967 3434 9.μετρεῖ-
984 3370 1030 3418 10.
1056 3362 1114 3421 τάν

94 3429 134 3499 Ε]
156 3445 209 3482 om.
230 3430 260 3487 P
323 3439 365 3486 10.
385 3429 453 3504 ἄρα]
473 3436 537 3502 posi]
555 3452 610 3488 ras.
630 3440 645 3487 2
666 3434 720 3489 litt.
739 3435 770 3487 B.
838 3442 878 3489 12.
900 3436 989 3523 Supra
1007 3435 1113 3523 τετρά

93 3516 184 3568 γανος
213 3503 241 3556 οῖ
263 3498 440 3570 τετράγωνον
465 3504 494 3557 in
517 3506 539 3557 B
566 3522 617 3559 scr.
643 3522 752 3575 eompp.
772 3500 896 3576 άριβμός
918 3507 948 3562 οῖ
970 3501 1113 3577 άριθμόν

55 3662 132 3680 ι*
