<?xml version="1.0" encoding="UTF-8"?>
<!DOCTYPE html PUBLIC "-//W3C//DTD XHTML 1.0 Transitional//EN"
    "http://www.w3.org/TR/xhtml1/DTD/xhtml1-transitional.dtd">
<html xmlns="http://www.w3.org/1999/xhtml" xml:lang="en" lang="en">
 <head>
  <title>
</title>
<meta http-equiv="Content-Type" content="text/html;charset=utf-8" />
  <meta name='ocr-system' content='tesseract 3.04.00' />
  <meta name='ocr-capabilities' content='ocr_page ocr_carea ocr_par ocr_line ocrx_word'/>
</head>
<body>
  <div class='ocr_page' id='page_1' title='image "./euclidisoperaom19unkngoog_0099.png"; bbox 0 0 2446 3938; ppageno 0'>
   <div class='ocr_carea' id='block_1_1' title="bbox 143 148 781 218">
    <p class='ocr_par' dir='ltr' id='par_1_1' title="bbox 143 148 781 218">
     <span class='ocr_line' id='line_1_1' title="bbox 143 148 781 218; baseline 0.003 -14"><span class='ocrx_word' id='word_1_1' title='bbox 143 154 186 218; x_wconf 84' lang='grc'><em>66</em></span> <span class='ocrx_word' id='word_1_2' title='bbox 527 152 727 204; x_wconf 80' lang='grc' dir='ltr'>ΣΤΟΙΧΕΙΩΝ</span> <span class='ocrx_word' id='word_1_3' title='bbox 746 148 781 206; x_wconf 84' lang='grc' dir='ltr'><em>ε’.</em></span> 
     </span>
    </p>
   </div>
   <div class='ocr_carea' id='block_1_2' title="bbox 84 288 1219 1979">
    <p class='ocr_par' dir='ltr' id='par_1_2' title="bbox 84 288 1219 1979">
     <span class='ocr_line' id='line_1_2' title="bbox 141 288 1219 383; baseline 0 -21"><span class='ocrx_word' id='word_1_4' title='bbox 141 301 225 383; x_wconf 77' lang='grc' dir='ltr'><em>πρὸς</em></span> <span class='ocrx_word' id='word_1_5' title='bbox 247 294 285 362; x_wconf 87' lang='grc' dir='ltr'><em>τὸ</em></span> <span class='ocrx_word' id='word_1_6' title='bbox 310 301 355 378; x_wconf 86' lang='grc' dir='ltr'><em>Ε,</em></span> <span class='ocrx_word' id='word_1_7' title='bbox 384 291 491 372; x_wconf 74' lang='grc' dir='ltr'><em>οὕτως</em></span> <span class='ocrx_word' id='word_1_8' title='bbox 513 290 551 361; x_wconf 85' lang='grc' dir='ltr'><em>τὸ</em></span> <span class='ocrx_word' id='word_1_9' title='bbox 574 300 603 360; x_wconf 98' lang='grc' dir='ltr'>Θ</span> <span class='ocrx_word' id='word_1_10' title='bbox 625 290 709 378; x_wconf 82' lang='grc' dir='ltr'><em>πρὸς</em></span> <span class='ocrx_word' id='word_1_11' title='bbox 730 291 768 361; x_wconf 83' lang='grc' dir='ltr'><em>τὸ</em></span> <span class='ocrx_word' id='word_1_12' title='bbox 792 299 837 359; x_wconf 82' lang='lat' dir='ltr'><em>K·</em></span> <span class='ocrx_word' id='word_1_13' title='bbox 882 291 939 360; x_wconf 79' lang='grc' dir='ltr'><em>καὶ</em></span> <span class='ocrx_word' id='word_1_14' title='bbox 962 289 1007 372; x_wconf 80' lang='grc' dir='ltr'><em>ὡς</em></span> <span class='ocrx_word' id='word_1_15' title='bbox 1030 288 1099 380; x_wconf 75' lang='grc' dir='ltr'><em>ἄρα</em></span> <span class='ocrx_word' id='word_1_16' title='bbox 1120 319 1165 362; x_wconf 83' lang='grc' dir='ltr'><em>το</em></span> <span class='ocrx_word' id='word_1_17' title='bbox 1216 296 1219 301; x_wconf 76' lang='grc'><strong>’</strong></span> 
     </span>
     <span class='ocr_line' id='line_1_3' title="bbox 142 397 1164 487; baseline 0 -20"><span class='ocrx_word' id='word_1_18' title='bbox 142 408 170 467; x_wconf 91' lang='grc' dir='ltr'>Θ</span> <span class='ocrx_word' id='word_1_19' title='bbox 198 398 281 487; x_wconf 81' lang='grc' dir='ltr'><em>πρὸς</em></span> <span class='ocrx_word' id='word_1_20' title='bbox 303 398 341 468; x_wconf 86' lang='grc' dir='ltr'><em>τὸ</em></span> <span class='ocrx_word' id='word_1_21' title='bbox 364 405 412 483; x_wconf 88' lang='grc' dir='ltr'><em>Κ,</em></span> <span class='ocrx_word' id='word_1_22' title='bbox 440 397 547 478; x_wconf 79' lang='grc' dir='ltr'><em>οὕτως</em></span> <span class='ocrx_word' id='word_1_23' title='bbox 569 397 607 466; x_wconf 88' lang='grc' dir='ltr'><em>τὸ</em></span> <span class='ocrx_word' id='word_1_24' title='bbox 631 406 663 465; x_wconf 99' lang='lat' dir='ltr'><em>A</em></span> <span class='ocrx_word' id='word_1_25' title='bbox 686 398 770 485; x_wconf 86' lang='grc' dir='ltr'><em>πρὸς</em></span> <span class='ocrx_word' id='word_1_26' title='bbox 792 398 830 468; x_wconf 81' lang='grc' dir='ltr'><em>τὸ</em></span> <span class='ocrx_word' id='word_1_27' title='bbox 855 407 910 486; x_wconf 88' lang='lat' dir='ltr'><em>M,</em></span> <span class='ocrx_word' id='word_1_28' title='bbox 937 398 993 466; x_wconf 81' lang='grc' dir='ltr'><em>καὶ</em></span> <span class='ocrx_word' id='word_1_29' title='bbox 1017 398 1164 483; x_wconf 76' lang='grc' dir='ltr'><em>ἐναλλὰξ</em></span> 
     </span>
     <span class='ocr_line' id='line_1_4' title="bbox 142 503 1164 594; baseline 0.001 -21"><span class='ocrx_word' id='word_1_30' title='bbox 142 503 187 586; x_wconf 79' lang='grc' dir='ltr'><em>ὡς</em></span> <span class='ocrx_word' id='word_1_31' title='bbox 213 506 250 574; x_wconf 85' lang='grc' dir='ltr'><em>τὸ</em></span> <span class='ocrx_word' id='word_1_32' title='bbox 274 513 303 572; x_wconf 93' lang='grc' dir='ltr'>Θ</span> <span class='ocrx_word' id='word_1_33' title='bbox 329 505 414 594; x_wconf 85' lang='grc' dir='ltr'><em>πρὸς</em></span> <span class='ocrx_word' id='word_1_34' title='bbox 440 504 478 574; x_wconf 86' lang='grc' dir='ltr'><em>τὸ</em></span> <span class='ocrx_word' id='word_1_35' title='bbox 503 512 550 590; x_wconf 93' lang='lat' dir='ltr'><em>A,</em></span> <span class='ocrx_word' id='word_1_36' title='bbox 577 503 615 573; x_wconf 83' lang='grc' dir='ltr'><em>τὸ</em></span> <span class='ocrx_word' id='word_1_37' title='bbox 639 510 674 571; x_wconf 86' lang='grc' dir='ltr'><strong><em>Κ</em></strong></span> <span class='ocrx_word' id='word_1_38' title='bbox 693 503 778 593; x_wconf 80' lang='grc' dir='ltr'><em>πρὸς</em></span> <span class='ocrx_word' id='word_1_39' title='bbox 799 503 838 573; x_wconf 87' lang='grc' dir='ltr'><em>τὸ</em></span> <span class='ocrx_word' id='word_1_40' title='bbox 862 513 909 573; x_wconf 91' lang='grc' dir='ltr'><em>Μ.</em></span> <span class='ocrx_word' id='word_1_41' title='bbox 956 507 1093 593; x_wconf 76' lang='grc' dir='ltr'><em>ἐδείχθη</em></span> <span class='ocrx_word' id='word_1_42' title='bbox 1122 505 1164 574; x_wconf 68' lang='grc' dir='ltr'><em>δὲ</em></span> 
     </span>
     <span class='ocr_line' id='line_1_5' title="bbox 140 608 1163 700; baseline 0.002 -22"><span class='ocrx_word' id='word_1_43' title='bbox 140 611 197 679; x_wconf 77' lang='grc' dir='ltr'><em>καὶ</em></span> <span class='ocrx_word' id='word_1_44' title='bbox 225 609 269 692; x_wconf 80' lang='grc' dir='ltr'><em>ὡς</em></span> <span class='ocrx_word' id='word_1_45' title='bbox 296 611 334 680; x_wconf 85' lang='grc' dir='ltr'><em>τὸ</em></span> <span class='ocrx_word' id='word_1_46' title='bbox 362 619 403 679; x_wconf 89' lang='grc' dir='ltr'><em>Η</em></span> <span class='ocrx_word' id='word_1_47' title='bbox 424 611 509 700; x_wconf 84' lang='grc' dir='ltr'><em>πρὸς</em></span> <span class='ocrx_word' id='word_1_48' title='bbox 535 609 573 679; x_wconf 85' lang='grc' dir='ltr'><em>τὸ</em></span> <span class='ocrx_word' id='word_1_49' title='bbox 601 617 645 696; x_wconf 94' lang='grc' dir='ltr'><em>Θ,</em></span> <span class='ocrx_word' id='word_1_50' title='bbox 674 609 782 691; x_wconf 79' lang='grc' dir='ltr'><em>οὕτως</em></span> <span class='ocrx_word' id='word_1_51' title='bbox 810 609 847 679; x_wconf 84' lang='grc' dir='ltr'><em>τὸ</em></span> <span class='ocrx_word' id='word_1_52' title='bbox 872 618 917 678; x_wconf 89' lang='grc' dir='ltr'>Μ</span> <span class='ocrx_word' id='word_1_53' title='bbox 938 608 1022 699; x_wconf 84' lang='grc' dir='ltr'><em>πρὸς</em></span> <span class='ocrx_word' id='word_1_54' title='bbox 1048 608 1086 678; x_wconf 84' lang='grc' dir='ltr'><em>τὸ</em></span> <span class='ocrx_word' id='word_1_55' title='bbox 1110 617 1163 680; x_wconf 91' lang='grc' dir='ltr'><em>Ν.</em></span> 
     </span>
     <span class='ocr_line' id='line_1_6' title="bbox 105 709 1162 806; baseline 0.006 -25"><span class='ocrx_word' id='word_1_56' title='bbox 105 718 210 786; x_wconf 76' lang='grc' dir='ltr'><em>οὲπεὶ</em></span> <span class='ocrx_word' id='word_1_57' title='bbox 243 709 308 787; x_wconf 82' lang='grc' dir='ltr'><em>οὖν</em></span> <span class='ocrx_word' id='word_1_58' title='bbox 338 724 414 806; x_wconf 83' lang='grc' dir='ltr'><em>τρία</em></span> <span class='ocrx_word' id='word_1_59' title='bbox 446 719 571 806; x_wconf 76' lang='grc' dir='ltr'><em>μεγέθη</em></span> <span class='ocrx_word' id='word_1_60' title='bbox 596 717 666 785; x_wconf 76' lang='grc' dir='ltr'><strong><em>ἐστὶ</em></strong></span> <span class='ocrx_word' id='word_1_61' title='bbox 692 715 732 784; x_wconf 81' lang='grc' dir='ltr'><em>τὰ</em></span> <span class='ocrx_word' id='word_1_62' title='bbox 760 723 810 803; x_wconf 89' lang='lat' dir='ltr'><em>H,</em></span> <span class='ocrx_word' id='word_1_63' title='bbox 838 725 881 803; x_wconf 91' lang='grc' dir='ltr'><em>Θ,</em></span> <span class='ocrx_word' id='word_1_64' title='bbox 909 724 956 803; x_wconf 94' lang='lat' dir='ltr'><em>A,</em></span> <span class='ocrx_word' id='word_1_65' title='bbox 989 717 1045 784; x_wconf 82' lang='grc' dir='ltr'><em>καὶ</em></span> <span class='ocrx_word' id='word_1_66' title='bbox 1072 714 1162 787; x_wconf 70' lang='grc' dir='ltr'><em>ἄλλα</em></span> 
     </span>
     <span class='ocr_line' id='line_1_7' title="bbox 140 821 1161 911; baseline 0 -20"><span class='ocrx_word' id='word_1_67' title='bbox 140 822 254 906; x_wconf 77' lang='grc' dir='ltr'><em>αὐτοῖς</em></span> <span class='ocrx_word' id='word_1_68' title='bbox 278 832 334 893; x_wconf 79' lang='grc' dir='ltr'><em>λσα</em></span> <span class='ocrx_word' id='word_1_69' title='bbox 356 823 394 892; x_wconf 86' lang='grc' dir='ltr'><em>τὸ</em></span> <span class='ocrx_word' id='word_1_70' title='bbox 418 829 549 911; x_wconf 75' lang='grc' dir='ltr'><em>πλῆθος</em></span> <span class='ocrx_word' id='word_1_71' title='bbox 571 849 611 891; x_wconf 82' lang='grc' dir='ltr'><em>τα</em></span> <span class='ocrx_word' id='word_1_72' title='bbox 635 829 683 909; x_wconf 85' lang='grc' dir='ltr'><em>Κ,</em></span> <span class='ocrx_word' id='word_1_73' title='bbox 707 830 756 909; x_wconf 90' lang='grc' dir='ltr'><em>Μ,</em></span> <span class='ocrx_word' id='word_1_74' title='bbox 779 830 819 890; x_wconf 96' lang='grc' dir='ltr'><em>Ν</em></span> <span class='ocrx_word' id='word_1_75' title='bbox 838 822 968 892; x_wconf 75' lang='grc' dir='ltr'><em>σύνδυο</em></span> <span class='ocrx_word' id='word_1_76' title='bbox 991 821 1161 910; x_wconf 85' lang='grc' dir='ltr'><em>λαμβανό-</em></span> 
     </span>
     <span class='ocr_line' id='line_1_8' title="bbox 140 927 1157 1023; baseline -0.001 -24"><span class='ocrx_word' id='word_1_77' title='bbox 140 957 222 1018; x_wconf 88' lang='grc' dir='ltr'><em>μενα</em></span> <span class='ocrx_word' id='word_1_78' title='bbox 247 933 283 999; x_wconf 79' lang='grc' dir='ltr'><em>ἐν</em></span> <span class='ocrx_word' id='word_1_79' title='bbox 306 933 352 1023; x_wconf 80' lang='grc' dir='ltr'><em>τῷ</em></span> <span class='ocrx_word' id='word_1_80' title='bbox 376 928 466 1023; x_wconf 75' lang='grc' dir='ltr'><em>αὐτῷ</em></span> <span class='ocrx_word' id='word_1_81' title='bbox 489 929 590 1023; x_wconf 81' lang='grc' dir='ltr'><em>λόγῳ,</em></span> <span class='ocrx_word' id='word_1_82' title='bbox 614 935 673 997; x_wconf 83' lang='grc' dir='ltr'><em>καί</em></span> <span class='ocrx_word' id='word_1_83' title='bbox 688 931 779 998; x_wconf 81' lang='grc' dir='ltr'><strong><em>ἐστιν</em></strong></span> <span class='ocrx_word' id='word_1_84' title='bbox 798 927 911 999; x_wconf 77' lang='grc' dir='ltr'><em>αὐτῶν</em></span> <span class='ocrx_word' id='word_1_85' title='bbox 929 931 1157 1017; x_wconf 80' lang='grc' dir='ltr'><strong><em>τεταραγμένη</em></strong></span> 
     </span>
     <span class='ocr_line' id='line_1_9' title="bbox 138 1032 1158 1124; baseline -0.001 -20"><span class='ocrx_word' id='word_1_86' title='bbox 138 1033 159 1121; x_wconf 82' lang='grc' dir='ltr'><em>ἡ</em></span> <span class='ocrx_word' id='word_1_87' title='bbox 188 1035 367 1123; x_wconf 80' lang='grc' dir='ltr'><em>ἀναλογία,</em></span> <span class='ocrx_word' id='word_1_88' title='bbox 396 1035 442 1104; x_wconf 79' lang='grc' dir='ltr'><em>δι’</em></span> <span class='ocrx_word' id='word_1_89' title='bbox 468 1043 546 1103; x_wconf 72' lang='grc' dir='ltr'><em>ἴσον</em></span> <span class='ocrx_word' id='word_1_90' title='bbox 573 1033 654 1122; x_wconf 79' lang='grc' dir='ltr'><em>ἄρα,</em></span> <span class='ocrx_word' id='word_1_91' title='bbox 681 1040 713 1103; x_wconf 81' lang='grc' dir='ltr'><em>εἰ</em></span> <span class='ocrx_word' id='word_1_92' title='bbox 733 1032 885 1124; x_wconf 78' lang='grc' dir='ltr'><strong><em>ὑπερέχει</em></strong></span> <span class='ocrx_word' id='word_1_93' title='bbox 908 1033 946 1104; x_wconf 84' lang='grc' dir='ltr'><em>τὸ</em></span> <span class='ocrx_word' id='word_1_94' title='bbox 970 1042 1010 1103; x_wconf 91' lang='grc' dir='ltr'><em>Η</em></span> <span class='ocrx_word' id='word_1_95' title='bbox 1027 1038 1089 1104; x_wconf 80' lang='grc' dir='ltr'><em>τοῦ</em></span> <span class='ocrx_word' id='word_1_96' title='bbox 1114 1042 1158 1123; x_wconf 94' lang='lat' dir='ltr'><em>A,</em></span> 
     </span>
     <span class='ocr_line' id='line_1_10' title="bbox 138 1140 1159 1233; baseline -0.004 -21"><span class='ocrx_word' id='word_1_97' title='bbox 138 1141 289 1233; x_wconf 79' lang='grc' dir='ltr'><strong><em>ὑπερέχει</em></strong></span> <span class='ocrx_word' id='word_1_98' title='bbox 315 1143 371 1210; x_wconf 81' lang='grc' dir='ltr'><em>καὶ</em></span> <span class='ocrx_word' id='word_1_99' title='bbox 397 1140 436 1210; x_wconf 80' lang='grc' dir='ltr'><em>τὸ</em></span> <span class='ocrx_word' id='word_1_100' title='bbox 459 1147 495 1208; x_wconf 85' lang='grc' dir='ltr'><em>Κ</em></span> <span class='ocrx_word' id='word_1_101' title='bbox 513 1145 574 1210; x_wconf 83' lang='grc' dir='ltr'><em>τοῦ</em></span> <span class='ocrx_word' id='word_1_102' title='bbox 597 1148 647 1227; x_wconf 92' lang='grc' dir='ltr'><em>Ν,</em></span> <span class='ocrx_word' id='word_1_103' title='bbox 674 1143 731 1210; x_wconf 84' lang='grc' dir='ltr'><em>καὶ</em></span> <span class='ocrx_word' id='word_1_104' title='bbox 754 1147 785 1210; x_wconf 78' lang='grc' dir='ltr'><em>εἰ</em></span> <span class='ocrx_word' id='word_1_105' title='bbox 806 1150 898 1229; x_wconf 73' lang='grc' dir='ltr'><em>ἴσον,</em></span> <span class='ocrx_word' id='word_1_106' title='bbox 927 1150 1019 1228; x_wconf 77' lang='grc' dir='ltr'><em>ἴσον,</em></span> <span class='ocrx_word' id='word_1_107' title='bbox 1046 1141 1103 1209; x_wconf 78' lang='grc' dir='ltr'><em>καὶ</em></span> <span class='ocrx_word' id='word_1_108' title='bbox 1126 1145 1159 1209; x_wconf 80' lang='grc' dir='ltr'><em>εἰ</em></span> 
     </span>
     <span class='ocr_line' id='line_1_11' title="bbox 86 1247 1159 1336; baseline 0.003 -24"><span class='ocrx_word' id='word_1_109' title='bbox 86 1264 119 1313; x_wconf 89' lang='lat'><em>10</em></span> <span class='ocrx_word' id='word_1_110' title='bbox 139 1255 290 1336; x_wconf 75' lang='grc' dir='ltr'><em>ἔλαττον,</em></span> <span class='ocrx_word' id='word_1_111' title='bbox 319 1254 464 1317; x_wconf 81' lang='grc' dir='ltr'><em>ἔλαττον.</em></span> <span class='ocrx_word' id='word_1_112' title='bbox 509 1253 569 1316; x_wconf 85' lang='grc' dir='ltr'><em>καί</em></span> <span class='ocrx_word' id='word_1_113' title='bbox 588 1247 720 1316; x_wconf 81' lang='grc' dir='ltr'><strong><em>ἐστιτὰ</em></strong></span> <span class='ocrx_word' id='word_1_114' title='bbox 745 1248 807 1335; x_wconf 75' lang='grc' dir='ltr'><em>μὲν</em></span> <span class='ocrx_word' id='word_1_115' title='bbox 829 1256 881 1335; x_wconf 90' lang='grc' dir='ltr'><em>Η,</em></span> <span class='ocrx_word' id='word_1_116' title='bbox 903 1255 939 1316; x_wconf 88' lang='grc' dir='ltr'><strong><em>Κ</em></strong></span> <span class='ocrx_word' id='word_1_117' title='bbox 958 1251 1027 1316; x_wconf 76' lang='grc' dir='ltr'><em>τῶν</em></span> <span class='ocrx_word' id='word_1_118' title='bbox 1050 1256 1098 1333; x_wconf 92' lang='lat' dir='ltr'><em>A,</em></span> <span class='ocrx_word' id='word_1_119' title='bbox 1124 1257 1159 1315; x_wconf 88' lang='lat' dir='ltr'><em>A</em></span> 
     </span>
     <span class='ocr_line' id='line_1_12' title="bbox 139 1351 1159 1446; baseline 0 -24"><span class='ocrx_word' id='word_1_120' title='bbox 139 1356 247 1436; x_wconf 77' lang='grc' dir='ltr'><strong><em>ἰσάκις</em></strong></span> <span class='ocrx_word' id='word_1_121' title='bbox 268 1354 510 1446; x_wconf 78' lang='grc' dir='ltr'><em>πολλαπλάσια,</em></span> <span class='ocrx_word' id='word_1_122' title='bbox 532 1353 573 1422; x_wconf 81' lang='grc' dir='ltr'><em>τὰ</em></span> <span class='ocrx_word' id='word_1_123' title='bbox 592 1355 630 1424; x_wconf 71' lang='grc' dir='ltr'><em>δὲ</em></span> <span class='ocrx_word' id='word_1_124' title='bbox 648 1362 691 1442; x_wconf 93' lang='lat' dir='ltr'><em>A,</em></span> <span class='ocrx_word' id='word_1_125' title='bbox 710 1361 750 1423; x_wconf 92' lang='lat' dir='ltr'><strong><em>N</em></strong></span> <span class='ocrx_word' id='word_1_126' title='bbox 763 1358 831 1425; x_wconf 76' lang='grc' dir='ltr'><em>τῶν</em></span> <span class='ocrx_word' id='word_1_127' title='bbox 850 1361 888 1441; x_wconf 92' lang='grc' dir='ltr'><em>Γ,</em></span> <span class='ocrx_word' id='word_1_128' title='bbox 909 1363 945 1422; x_wconf 91' lang='grc' dir='ltr'><em>Ζ.</em></span> <span class='ocrx_word' id='word_1_129' title='bbox 978 1359 1070 1423; x_wconf 77' lang='grc' dir='ltr'><strong><em>ἔστιν</em></strong></span> <span class='ocrx_word' id='word_1_130' title='bbox 1089 1351 1159 1443; x_wconf 74' lang='grc' dir='ltr'><em>ἄρα</em></span> 
     </span>
     <span class='ocr_line' id='line_1_13' title="bbox 117 1448 1000 1549; baseline -0.001 -20"><span class='ocrx_word' id='word_1_131' title='bbox 117 1448 184 1540; x_wconf 75' lang='grc' dir='ltr'><em>Ιοὓς</em></span> <span class='ocrx_word' id='word_1_132' title='bbox 205 1459 244 1528; x_wconf 82' lang='grc' dir='ltr'><em>τὸ</em></span> <span class='ocrx_word' id='word_1_133' title='bbox 267 1469 300 1527; x_wconf 90' lang='lat' dir='ltr'><em>A</em></span> <span class='ocrx_word' id='word_1_134' title='bbox 321 1460 405 1548; x_wconf 77' lang='grc' dir='ltr'><em>πρὸς</em></span> <span class='ocrx_word' id='word_1_135' title='bbox 427 1459 464 1530; x_wconf 84' lang='grc' dir='ltr'><em>τὸ</em></span> <span class='ocrx_word' id='word_1_136' title='bbox 487 1468 526 1548; x_wconf 93' lang='grc' dir='ltr'><em>Γ,</em></span> <span class='ocrx_word' id='word_1_137' title='bbox 550 1459 657 1543; x_wconf 78' lang='grc' dir='ltr'><em>οὕτως</em></span> <span class='ocrx_word' id='word_1_138' title='bbox 679 1459 717 1530; x_wconf 85' lang='grc' dir='ltr'><em>τὸ</em></span> <span class='ocrx_word' id='word_1_139' title='bbox 741 1470 775 1529; x_wconf 94' lang='grc' dir='ltr'><em>Δ</em></span> <span class='ocrx_word' id='word_1_140' title='bbox 796 1460 880 1549; x_wconf 85' lang='grc' dir='ltr'><em>πρὸς</em></span> <span class='ocrx_word' id='word_1_141' title='bbox 902 1459 941 1529; x_wconf 84' lang='grc' dir='ltr'><em>τὸ</em></span> <span class='ocrx_word' id='word_1_142' title='bbox 964 1467 1000 1528; x_wconf 91' lang='grc' dir='ltr'><em>Ζ.</em></span> 
     </span>
     <span class='ocr_line' id='line_1_14' title="bbox 202 1559 1157 1657; baseline 0.001 -23"><span class='ocrx_word' id='word_1_143' title='bbox 202 1563 282 1635; x_wconf 78' lang='grc' dir='ltr'><em>Ἐὰν</em></span> <span class='ocrx_word' id='word_1_144' title='bbox 310 1565 376 1657; x_wconf 72' lang='grc' dir='ltr'><em>ἄρα</em></span> <span class='ocrx_word' id='word_1_145' title='bbox 402 1559 424 1657; x_wconf 77' lang='grc' dir='ltr'><strong><em>ᾖ</em></strong></span> <span class='ocrx_word' id='word_1_146' title='bbox 452 1573 528 1657; x_wconf 82' lang='grc' dir='ltr'><em>τρία</em></span> <span class='ocrx_word' id='word_1_147' title='bbox 556 1570 680 1655; x_wconf 71' lang='grc' dir='ltr'><em>μεγέθη</em></span> <span class='ocrx_word' id='word_1_148' title='bbox 709 1568 765 1635; x_wconf 76' lang='grc' dir='ltr'><em>καὶ</em></span> <span class='ocrx_word' id='word_1_149' title='bbox 787 1565 874 1635; x_wconf 77' lang='grc' dir='ltr'><em>ἄλλα</em></span> <span class='ocrx_word' id='word_1_150' title='bbox 898 1563 1013 1647; x_wconf 77' lang='grc' dir='ltr'><em>αὐτοῖς</em></span> <span class='ocrx_word' id='word_1_151' title='bbox 1036 1574 1093 1634; x_wconf 77' lang='grc' dir='ltr'><em>ἴσα</em></span> <span class='ocrx_word' id='word_1_152' title='bbox 1117 1566 1157 1636; x_wconf 84' lang='grc' dir='ltr'><em>τὸ</em></span> 
     </span>
     <span class='ocr_line' id='line_1_15' title="bbox 137 1666 1157 1767; baseline 0.004 -27"><span class='ocrx_word' id='word_1_153' title='bbox 137 1675 268 1759; x_wconf 76' lang='grc' dir='ltr'><em>πλῆθος</em></span> <span class='ocrx_word' id='word_1_154' title='bbox 286 1672 415 1742; x_wconf 76' lang='grc' dir='ltr'><em>σύνδυο</em></span> <span class='ocrx_word' id='word_1_155' title='bbox 438 1673 676 1761; x_wconf 82' lang='grc' dir='ltr'><em>λαμβανόμενα</em></span> <span class='ocrx_word' id='word_1_156' title='bbox 699 1676 736 1742; x_wconf 80' lang='grc' dir='ltr'><em>ἐν</em></span> <span class='ocrx_word' id='word_1_157' title='bbox 758 1678 803 1766; x_wconf 76' lang='grc' dir='ltr'><em>τῷ</em></span> <span class='ocrx_word' id='word_1_158' title='bbox 828 1671 919 1767; x_wconf 79' lang='grc' dir='ltr'><em>αὐτῷ</em></span> <span class='ocrx_word' id='word_1_159' title='bbox 944 1672 1045 1765; x_wconf 79' lang='grc' dir='ltr'><em>λόγῳ,</em></span> <span class='ocrx_word' id='word_1_160' title='bbox 1068 1666 1091 1762; x_wconf 73' lang='grc' dir='ltr'><em>ᾗ</em></span> <span class='ocrx_word' id='word_1_161' title='bbox 1116 1675 1157 1744; x_wconf 69' lang='grc' dir='ltr'><em>δὲ</em></span> 
     </span>
     <span class='ocr_line' id='line_1_16' title="bbox 84 1775 1157 1872; baseline 0.004 -28"><span class='ocrx_word' id='word_1_162' title='bbox 84 1796 118 1846; x_wconf 79' lang='lat'><em>15</em></span> <span class='ocrx_word' id='word_1_163' title='bbox 136 1781 361 1868; x_wconf 79' lang='grc' dir='ltr'><em>τεταραγμένη</em></span> <span class='ocrx_word' id='word_1_164' title='bbox 389 1775 501 1848; x_wconf 74' lang='grc' dir='ltr'><em>αὐτῶν</em></span> <span class='ocrx_word' id='word_1_165' title='bbox 530 1778 551 1868; x_wconf 79' lang='grc' dir='ltr'><em>ἡ</em></span> <span class='ocrx_word' id='word_1_166' title='bbox 581 1777 760 1868; x_wconf 76' lang='grc' dir='ltr'><em>ἀναλογία,</em></span> <span class='ocrx_word' id='word_1_167' title='bbox 784 1781 840 1848; x_wconf 79' lang='grc' dir='ltr'><em>καὶ</em></span> <span class='ocrx_word' id='word_1_168' title='bbox 865 1777 911 1847; x_wconf 74' lang='grc' dir='ltr'><em>δι’</em></span> <span class='ocrx_word' id='word_1_169' title='bbox 942 1787 1021 1848; x_wconf 78' lang='grc' dir='ltr'><em>ἴσον</em></span> <span class='ocrx_word' id='word_1_170' title='bbox 1047 1782 1157 1872; x_wconf 78' lang='grc' dir='ltr'><em>ἐντῷ</em></span> 
     </span>
     <span class='ocr_line' id='line_1_17' title="bbox 137 1882 818 1979; baseline 0.003 -27"><span class='ocrx_word' id='word_1_171' title='bbox 137 1882 226 1979; x_wconf 74' lang='grc' dir='ltr'><em>αὐτῷ</em></span> <span class='ocrx_word' id='word_1_172' title='bbox 250 1884 339 1978; x_wconf 77' lang='grc' dir='ltr'><em>λόγῳ</em></span> <span class='ocrx_word' id='word_1_173' title='bbox 364 1890 469 1954; x_wconf 79' lang='grc' dir='ltr'><strong><em>ἔσται·</em></strong></span> <span class='ocrx_word' id='word_1_174' title='bbox 506 1884 587 1976; x_wconf 83' lang='grc' dir='ltr'><em>ὅπερ</em></span> <span class='ocrx_word' id='word_1_175' title='bbox 612 1890 680 1956; x_wconf 75' lang='grc' dir='ltr'><strong><em>ἔδει</em></strong></span> <span class='ocrx_word' id='word_1_176' title='bbox 703 1888 818 1969; x_wconf 74' lang='grc' dir='ltr'><em>δεῖξαι.</em></span> 
     </span>
    </p>
   </div>
   <div class='ocr_carea' id='block_1_3' title="bbox 609 2098 679 2169">
    <p class='ocr_par' dir='ltr' id='par_1_3' title="bbox 609 2098 679 2169">
     <span class='ocr_line' id='line_1_18' title="bbox 609 2098 679 2169; baseline 0 -1"><span class='ocrx_word' id='word_1_177' title='bbox 609 2098 679 2169; x_wconf 74' lang='grc' dir='ltr'><em>κδ’.</em></span> 
     </span>
    </p>
   </div>
   <div class='ocr_carea' id='block_1_4' title="bbox 81 2235 1154 2911">
    <p class='ocr_par' dir='ltr' id='par_1_4' title="bbox 81 2235 1154 2911">
     <span class='ocr_line' id='line_1_19' title="bbox 200 2235 1154 2335; baseline -0.001 -27"><span class='ocrx_word' id='word_1_178' title='bbox 200 2237 287 2335; x_wconf 71' lang='grc' dir='ltr'><em>Ἐολν</em></span> <span class='ocrx_word' id='word_1_179' title='bbox 314 2247 471 2331; x_wconf 76' lang='grc' dir='ltr'><em>πρῶτον</em></span> <span class='ocrx_word' id='word_1_180' title='bbox 498 2239 595 2331; x_wconf 83' lang='grc' dir='ltr'><em>πρὸς</em></span> <span class='ocrx_word' id='word_1_181' title='bbox 623 2237 812 2326; x_wconf 74' lang='grc' dir='ltr'><em>δεύτερον</em></span> <span class='ocrx_word' id='word_1_182' title='bbox 839 2237 909 2308; x_wconf 82' lang='grc' dir='ltr'><em>τὸν</em></span> <span class='ocrx_word' id='word_1_183' title='bbox 936 2235 1057 2308; x_wconf 80' lang='grc' dir='ltr'><em>αὐτὸν</em></span> <span class='ocrx_word' id='word_1_184' title='bbox 1085 2244 1154 2330; x_wconf 76' lang='grc' dir='ltr'><em>ἔχῃ</em></span> 
     </span>
     <span class='ocr_line' id='line_1_20' title="bbox 134 2343 1153 2435; baseline 0 -21"><span class='ocrx_word' id='word_1_185' title='bbox 134 2346 255 2434; x_wconf 92' lang='grc' dir='ltr'><em>λόγον</em></span> <span class='ocrx_word' id='word_1_186' title='bbox 287 2349 352 2415; x_wconf 82' lang='grc' dir='ltr'><em>καὶ</em></span> <span class='ocrx_word' id='word_1_187' title='bbox 381 2353 517 2434; x_wconf 78' lang='grc' dir='ltr'><em>τρίτον</em></span> <span class='ocrx_word' id='word_1_188' title='bbox 549 2343 645 2435; x_wconf 84' lang='grc' dir='ltr'><em>πρὸς</em></span> <span class='ocrx_word' id='word_1_189' title='bbox 676 2346 880 2435; x_wconf 80' lang='grc' dir='ltr'><em>τέταρτον,</em></span> <span class='ocrx_word' id='word_1_190' title='bbox 914 2351 979 2435; x_wconf 78' lang='grc' dir='ltr'><em>ἔχῃ</em></span> <span class='ocrx_word' id='word_1_191' title='bbox 1013 2346 1055 2414; x_wconf 74' lang='grc' dir='ltr'><em>δὲ</em></span> <span class='ocrx_word' id='word_1_192' title='bbox 1086 2348 1153 2415; x_wconf 80' lang='grc' dir='ltr'><em>καὶ</em></span> 
     </span>
     <span class='ocr_line' id='line_1_21' title="bbox 81 2450 1154 2542; baseline 0 -22"><span class='ocrx_word' id='word_1_193' title='bbox 81 2470 115 2520; x_wconf 80' lang='lat'><em>20</em></span> <span class='ocrx_word' id='word_1_194' title='bbox 134 2455 308 2541; x_wconf 76' lang='grc' dir='ltr'><em>πέμπτον</em></span> <span class='ocrx_word' id='word_1_195' title='bbox 340 2452 437 2542; x_wconf 83' lang='grc' dir='ltr'><em>πρὸς</em></span> <span class='ocrx_word' id='word_1_196' title='bbox 470 2452 660 2542; x_wconf 78' lang='grc' dir='ltr'><em>δεύτερον</em></span> <span class='ocrx_word' id='word_1_197' title='bbox 689 2450 758 2521; x_wconf 81' lang='grc' dir='ltr'><em>τὸν</em></span> <span class='ocrx_word' id='word_1_198' title='bbox 786 2450 907 2521; x_wconf 80' lang='grc' dir='ltr'><em>αὐτὸν</em></span> <span class='ocrx_word' id='word_1_199' title='bbox 936 2452 1057 2539; x_wconf 91' lang='grc' dir='ltr'><em>λόγον</em></span> <span class='ocrx_word' id='word_1_200' title='bbox 1084 2454 1154 2521; x_wconf 84' lang='grc' dir='ltr'><em>καὶ</em></span> 
     </span>
     <span class='ocr_line' id='line_1_22' title="bbox 134 2557 1153 2648; baseline 0.003 -22"><span class='ocrx_word' id='word_1_201' title='bbox 134 2561 247 2628; x_wconf 82' lang='grc' dir='ltr'><em>ἕκτον</em></span> <span class='ocrx_word' id='word_1_202' title='bbox 270 2557 368 2644; x_wconf 86' lang='grc' dir='ltr'><em>πρὸς</em></span> <span class='ocrx_word' id='word_1_203' title='bbox 386 2560 590 2646; x_wconf 82' lang='grc' dir='ltr'><em>τέταρτον,</em></span> <span class='ocrx_word' id='word_1_204' title='bbox 612 2559 678 2626; x_wconf 83' lang='grc' dir='ltr'><em>καὶ</em></span> <span class='ocrx_word' id='word_1_205' title='bbox 698 2559 896 2628; x_wconf 74' lang='grc' dir='ltr'><em>συντεθὲν</em></span> <span class='ocrx_word' id='word_1_206' title='bbox 915 2562 1067 2648; x_wconf 79' lang='grc' dir='ltr'><em>πρῶτον</em></span> <span class='ocrx_word' id='word_1_207' title='bbox 1084 2561 1153 2629; x_wconf 78' lang='grc' dir='ltr'><em>καὶ</em></span> 
     </span>
     <span class='ocr_line' id='line_1_23' title="bbox 133 2662 1152 2761; baseline 0.004 -30"><span class='ocrx_word' id='word_1_208' title='bbox 133 2666 308 2750; x_wconf 82' lang='grc' dir='ltr'><em>πέμπτον</em></span> <span class='ocrx_word' id='word_1_209' title='bbox 336 2662 433 2750; x_wconf 83' lang='grc' dir='ltr'><em>πρὸς</em></span> <span class='ocrx_word' id='word_1_210' title='bbox 461 2663 651 2754; x_wconf 75' lang='grc' dir='ltr'><em>δεύτερον</em></span> <span class='ocrx_word' id='word_1_211' title='bbox 679 2664 747 2733; x_wconf 86' lang='grc' dir='ltr'><em>τὸν</em></span> <span class='ocrx_word' id='word_1_212' title='bbox 774 2662 1002 2761; x_wconf 38' lang='grc' dir='ltr'><em>αὐτὸνιὲξει</em></span> <span class='ocrx_word' id='word_1_213' title='bbox 1029 2665 1152 2753; x_wconf 90' lang='grc' dir='ltr'><em>λόγον</em></span> 
     </span>
     <span class='ocr_line' id='line_1_24' title="bbox 133 2746 989 2911; baseline 0.007 -76"><span class='ocrx_word' id='word_1_214' title='bbox 133 2769 198 2836; x_wconf 80' lang='grc' dir='ltr'><em>καὶ</em></span> <span class='ocrx_word' id='word_1_215' title='bbox 221 2774 358 2858; x_wconf 82' lang='grc' dir='ltr'><em>ιρίιον</em></span> <span class='ocrx_word' id='word_1_216' title='bbox 381 2770 447 2838; x_wconf 79' lang='grc' dir='ltr'><em>καὶ</em></span> <span class='ocrx_word' id='word_1_217' title='bbox 471 2773 586 2841; x_wconf 80' lang='grc' dir='ltr'><em>ἕκτον</em></span> <span class='ocrx_word' id='word_1_218' title='bbox 609 2770 701 2861; x_wconf 81' lang='grc' dir='ltr'><em>πρὸς</em></span> <span class='ocrx_word' id='word_1_219' title='bbox 723 2746 989 2911; x_wconf 60' lang='grc' dir='ltr'><em>ιε’ταρτον.7</em></span> 
     </span>
    </p>
   </div>
   <div class='ocr_carea' id='block_1_5' title="bbox 129 3029 1150 3536">
    <p class='ocr_par' dir='ltr' id='par_1_5' title="bbox 129 3029 1150 3536">
     <span class='ocr_line' id='line_1_25' title="bbox 205 3029 1150 3111; baseline 0.006 -21"><span class='ocrx_word' id='word_1_220' title='bbox 205 3042 229 3092; x_wconf 79' lang='lat'><em>2.</em></span> <span class='ocrx_word' id='word_1_221' title='bbox 256 3029 362 3109; x_wconf 72' lang='grc' dir='ltr'><em>οὕτως]</em></span> <span class='ocrx_word' id='word_1_222' title='bbox 388 3055 441 3094; x_wconf 84' lang='lat' dir='ltr'><em>om.</em></span> <span class='ocrx_word' id='word_1_223' title='bbox 470 3037 582 3111; x_wconf 84' lang='lat' dir='ltr'><strong>BFVp.</strong></span> <span class='ocrx_word' id='word_1_224' title='bbox 624 3039 677 3095; x_wconf 82' lang='lat' dir='ltr'><em>Hic</em></span> <span class='ocrx_word' id='word_1_225' title='bbox 704 3054 816 3109; x_wconf 81' lang='lat' dir='ltr'><strong>quoquo</strong></span> <span class='ocrx_word' id='word_1_226' title='bbox 843 3037 979 3094; x_wconf 76' lang='lat' dir='ltr'><strong>nonnulla</strong></span> <span class='ocrx_word' id='word_1_227' title='bbox 1005 3039 1035 3093; x_wconf 89' lang='lat' dir='ltr'><em>in</em></span> <span class='ocrx_word' id='word_1_228' title='bbox 1057 3038 1079 3092; x_wconf 78' lang='lat' dir='ltr'><strong>F</strong></span> <span class='ocrx_word' id='word_1_229' title='bbox 1107 3039 1150 3096; x_wconf 74' lang='lat' dir='ltr'><em>ita</em></span> 
     </span>
     <span class='ocr_line' id='line_1_26' title="bbox 133 3105 1149 3182; baseline 0.004 -21"><span class='ocrx_word' id='word_1_230' title='bbox 133 3110 321 3175; x_wconf 64' lang='lat' dir='ltr'><em>emerunt,</em></span> <span class='ocrx_word' id='word_1_231' title='bbox 340 3109 449 3180; x_wconf 80' lang='lat' dir='ltr'>utlegi</span> <span class='ocrx_word' id='word_1_232' title='bbox 467 3110 659 3181; x_wconf 76' lang='lat' dir='ltr'><strong>nonpossint.</strong></span> <span class='ocrx_word' id='word_1_233' title='bbox 750 3116 775 3167; x_wconf 84' lang='lat'><em>4.</em></span> <span class='ocrx_word' id='word_1_234' title='bbox 794 3111 860 3182; x_wconf 82' lang='grc' dir='ltr'><em>καί]</em></span> <span class='ocrx_word' id='word_1_235' title='bbox 881 3125 965 3180; x_wconf 79' lang='lat' dir='ltr'><strong>supra</strong></span> <span class='ocrx_word' id='word_1_236' title='bbox 982 3109 1016 3165; x_wconf 88' lang='lat' dir='ltr'><em>V.</em></span> <span class='ocrx_word' id='word_1_237' title='bbox 1098 3105 1149 3165; x_wconf 77' lang='grc' dir='ltr'><em>οὕ-</em></span> 
     </span>
     <span class='ocr_line' id='line_1_27' title="bbox 131 3175 1148 3274; baseline 0.004 -42"><span class='ocrx_word' id='word_1_238' title='bbox 131 3181 202 3251; x_wconf 79' lang='grc' dir='ltr'><strong>τως]</strong></span> <span class='ocrx_word' id='word_1_239' title='bbox 222 3196 276 3236; x_wconf 90' lang='lat' dir='ltr'><em>om.</em></span> <span class='ocrx_word' id='word_1_240' title='bbox 295 3179 411 3251; x_wconf 83' lang='lat' dir='ltr'><strong>BFVp.</strong></span> <span class='ocrx_word' id='word_1_241' title='bbox 467 3186 492 3236; x_wconf 75' lang='grc' dir='ltr'><em>ὅ.</em></span> <span class='ocrx_word' id='word_1_242' title='bbox 512 3176 587 3237; x_wconf 72' lang='grc' dir='ltr'><em>ἐστὶν</em></span> <span class='ocrx_word' id='word_1_243' title='bbox 601 3176 744 3266; x_wconf 65' lang='grc' dir='ltr'><em>οξνολλογον</em></span> <span class='ocrx_word' id='word_1_244' title='bbox 759 3181 857 3274; x_wconf 57' lang='lat' dir='ltr'>[Pheop</span> <span class='ocrx_word' id='word_1_245' title='bbox 871 3181 1008 3263; x_wconf 72' lang='lat' dir='ltr'><strong>(BFVp).</strong></span> <span class='ocrx_word' id='word_1_246' title='bbox 1062 3175 1148 3254; x_wconf 79' lang='grc' dir='ltr'><em>ἄλλα]</em></span> 
     </span>
     <span class='ocr_line' id='line_1_28' title="bbox 134 3247 1149 3394; baseline 0.003 -19"><span class='ocrx_word' id='word_1_247' title='bbox 134 3249 460 3378; x_wconf 65' lang='grc' dir='ltr'><em>εεοαι..ι.ια</em></span> <span class='ocrx_word' id='word_1_248' title='bbox 481 3247 822 3394; x_wconf 46' lang='lat' dir='ltr'><em>ww,</em></span> <span class='ocrx_word' id='word_1_249' title='bbox 836 3269 866 3308; x_wconf 51' lang='grc' dir='ltr'><em>ν</em></span> <span class='ocrx_word' id='word_1_250' title='bbox 881 3250 1149 3392; x_wconf 68' lang='grc' dir='ltr'><em>οαγαιι</em></span> 
     </span>
     <span class='ocr_line' id='line_1_29' title="bbox 130 3392 1148 3467; baseline 0.002 -21"><span class='ocrx_word' id='word_1_251' title='bbox 130 3392 217 3462; x_wconf 91' lang='lat' dir='ltr'><strong>BVp.</strong></span> <span class='ocrx_word' id='word_1_252' title='bbox 294 3399 335 3450; x_wconf 91' lang='lat'><em>11.</em></span> <span class='ocrx_word' id='word_1_253' title='bbox 354 3399 391 3463; x_wconf 89' lang='lat' dir='ltr'><em>A,</em></span> <span class='ocrx_word' id='word_1_254' title='bbox 411 3397 443 3448; x_wconf 95' lang='lat' dir='ltr'><strong><em>N</em></strong></span> <span class='ocrx_word' id='word_1_255' title='bbox 457 3394 513 3448; x_wconf 79' lang='grc' dir='ltr'><em>τῶν</em></span> <span class='ocrx_word' id='word_1_256' title='bbox 534 3398 565 3464; x_wconf 89' lang='grc' dir='ltr'><em>Γ,</em></span> <span class='ocrx_word' id='word_1_257' title='bbox 584 3395 622 3467; x_wconf 89' lang='grc' dir='ltr'><em>Ζ]</em></span> <span class='ocrx_word' id='word_1_258' title='bbox 641 3395 672 3449; x_wconf 88' lang='lat' dir='ltr'><em>in</em></span> <span class='ocrx_word' id='word_1_259' title='bbox 690 3411 746 3464; x_wconf 79' lang='lat' dir='ltr'><em>mg.</em></span> <span class='ocrx_word' id='word_1_260' title='bbox 771 3396 919 3455; x_wconf 72' lang='lat' dir='ltr'><strong>transeunt</strong></span> <span class='ocrx_word' id='word_1_261' title='bbox 936 3413 973 3450; x_wconf 90' lang='lat' dir='ltr'><em>m.</em></span> <span class='ocrx_word' id='word_1_262' title='bbox 995 3401 1018 3461; x_wconf 88' lang='lat'><em>1,</em></span> <span class='ocrx_word' id='word_1_263' title='bbox 1039 3410 1095 3464; x_wconf 82' lang='lat' dir='ltr'><strong>seq.</strong></span> <span class='ocrx_word' id='word_1_264' title='bbox 1115 3392 1148 3449; x_wconf 85' lang='lat' dir='ltr'><em>in</em></span> 
     </span>
     <span class='ocr_line' id='line_1_30' title="bbox 129 3458 1144 3536; baseline 0.003 -21"><span class='ocrx_word' id='word_1_265' title='bbox 129 3480 186 3534; x_wconf 83' lang='lat' dir='ltr'><em>mg.</em></span> <span class='ocrx_word' id='word_1_266' title='bbox 216 3458 285 3518; x_wconf 79' lang='grc' dir='ltr'><em>ἄλλα</em></span> <span class='ocrx_word' id='word_1_267' title='bbox 314 3458 332 3517; x_wconf 78' lang='grc' dir='ltr'><em>ἃ</em></span> <span class='ocrx_word' id='word_1_268' title='bbox 362 3462 461 3534; x_wconf 77' lang='grc' dir='ltr'><em>ἔτυχεν</em></span> <span class='ocrx_word' id='word_1_269' title='bbox 492 3461 595 3536; x_wconf 79' lang='grc' dir='ltr'><em>ἰσάκις,</em></span> <span class='ocrx_word' id='word_1_270' title='bbox 624 3465 688 3522; x_wconf 89' lang='lat' dir='ltr'>dein</span> <span class='ocrx_word' id='word_1_271' title='bbox 716 3465 746 3520; x_wconf 87' lang='lat' dir='ltr'><em>in</em></span> <span class='ocrx_word' id='word_1_272' title='bbox 773 3467 854 3521; x_wconf 64' lang='lat' dir='ltr'><strong>ssextu</strong></span> <span class='ocrx_word' id='word_1_273' title='bbox 886 3461 1080 3521; x_wconf 79' lang='grc' dir='ltr'><em>πολλαπλάσια</em></span> <span class='ocrx_word' id='word_1_274' title='bbox 1107 3464 1144 3531; x_wconf 80' lang='lat' dir='ltr'><em>F3</em></span> 
     </span>
    </p>
   </div>
   <div class='ocr_carea' id='block_1_6' title="bbox 67 3528 1211 3731">
    <p class='ocr_par' dir='ltr' id='par_1_6' title="bbox 67 3528 1211 3731">
     <span class='ocr_line' id='line_1_31' title="bbox 67 3528 1211 3731; baseline -0.003 -80"><span class='ocrx_word' id='word_1_275' title='bbox 67 3654 110 3730; x_wconf 35' lang='grc' dir='ltr'>ἱ</span> <span class='ocrx_word' id='word_1_276' title='bbox 138 3572 186 3731; x_wconf 68' lang='grc' dir='ltr'><em>ιχ</em></span> <span class='ocrx_word' id='word_1_277' title='bbox 205 3568 452 3716; x_wconf 46' lang='lat' dir='ltr'><em>(asnaa,</em></span> <span class='ocrx_word' id='word_1_278' title='bbox 482 3591 536 3638; x_wconf 56' lang='grc' dir='ltr'><em>ιι</em></span> <span class='ocrx_word' id='word_1_279' title='bbox 558 3528 1211 3716; x_wconf 46' lang='grc' dir='ltr'><em>ι,γ.·αχ.».μιι;ῑξτγ··ίλ</em></span> 
     </span>
    </p>
   </div>
   <div class='ocr_carea' id='block_1_7' title="bbox 0 0 1228 3938">
    <p class='ocr_par' dir='ltr' id='par_1_7' title="bbox 0 0 1228 3938">
     <span class='ocr_line' id='line_1_32' title="bbox 0 0 1228 3938; baseline 0 5"><span class='ocrx_word' id='word_1_280' title='bbox 0 0 1228 3938; x_wconf 95' lang='lat' dir='ltr'><em> </em></span> 
     </span>
    </p>
   </div>
  </div>
 </body>
</html>
