2446 3938
121 176 165 242 48
500 175 701 228 ΣΤΟΙΧΕΙΩΝ
720 169 756 229 ε’.

121 325 160 403 Γ,
183 326 217 384 A
239 316 339 403 άλλα,
363 312 384 383 ἃ
409 321 538 403 έιοχεν,
562 315 670 396 ἰσάκις
693 312 936 383 πολλαπλάσια·
961 316 1052 379 ἔστιν
1071 309 1139 401 ἄρα

123 421 168 502 ὡς
190 421 227 491 τὸ
251 431 284 489 Α
306 421 389 510 πρός
411 422 448 490 τὸ
473 428 511 509 Γ,
536 421 643 502 οὕτως
664 420 701 489 τὸ
727 429 755 488 Β
778 419 862 509 πρὸς
884 418 922 487 τὸ
947 427 990 486 Δ.

186 527 267 595 Ἐάν
294 526 360 616 άρα
387 529 530 615 τέσσαρα
556 528 681 615 μεγέθη
705 524 875 612 άνάλογον
898 518 936 614 ᾖ,
963 523 1019 590 καί
1043 524 1139 591 ἐναλ-

123 632 184 714 λάξ
207 632 378 720 άνάλογον
401 639 506 702 ἔσται·
539 631 621 721 ὅπερ
645 636 712 700 ἔδει
737 633 850 712 δεῖξαι.

88 841 104 890 5
604 825 659 907 ιζ’.

188 948 274 1019 Ἐάν
313 956 552 1038 συγκείμενα
584 939 966 1036 μεγέθηάνάλογον
998 939 1035 1036 ᾖ,
1072 949 1139 1016 καὶ

124 1059 383 1145 διαιρεθέντα
406 1055 608 1142 άνάλογον
632 1038 816 1147 ἔσταιῖ

181 1162 290 1246 ’Ἐσνω
323 1167 522 1248 συγκείμενα
550 1161 676 1246 μεγέθη
704 1157 874 1246 άνάλογον
897 1158 937 1226 τά
960 1167 1040 1245 ΑΒ,
1063 1166 1139 1246 ΒΕ,

123 1274 196 1355 ΓΔ,
220 1276 298 1354 ΔΖ,
322 1265 367 1348 άς
388 1266 427 1335 τὸ
447 1274 512 1334 ΑΒ
536 1265 620 1353 πρὸς
642 1264 680 1334 τὸ
694 1274 770 1353 ΒΕ,
795 1264 901 1346 οὕτως
922 1264 961 1333 τὸ
976 1272 1038 1334 ΓΛ
1055 1263 1140 1350 πρὸς

73 1385 106 1435 10
124 1372 161 1442 τὸ
187 1381 265 1440 ΔΖ·
302 1374 403 1459 λέγω,
433 1370 484 1441 ὅτι
511 1373 567 1440 καί
596 1374 810 1461 διαιρεθέντα
837 1370 1008 1458 άνάλογον
1036 1377 1139 1458 ἔσται,
1169 1407 1171 1411 ·

125 1477 170 1558 άς
199 1476 237 1544 τὸ
260 1485 330 1545 ΑΕ
355 1475 439 1566 πρὸς
460 1477 498 1546 τὸ
523 1485 597 1563 ΕΒ,
621 1476 727 1558 οὕτως
749 1476 788 1544 τὸ
812 1483 874 1545 ΓΖ
897 1476 980 1565 πρὸς
1001 1481 1039 1546 τὸ
1062 1483 1140 1560 ΛΖ.

191 1583 358 1669 Εἰλήφθω
385 1581 450 1672 γάρ
473 1587 540 1651 τῶν
564 1585 634 1671 μὲν
648 1591 725 1670 ΑΕ,
749 1591 824 1670 ΕΒ,
846 1591 919 1670 ΓΖ,
943 1591 1010 1651 ZA
1033 1582 1142 1663 ἰσάκις

124 1691 353 1758 mmmm
380 1689 420 1757 ιι
451 1697 533 1776 Ηο,
557 1697 640 1774 (uns,
663 1697 754 1776 AM,
778 1697 870 1776 MN,
903 1694 971 1758 τοι
1000 1689 1038 1758 οε
1065 1695 1140 1775 ΕΒ,

126 1803 193 1863 ΖΔ
215 1794 311 1882 άλλα,
335 1791 357 1862 ά
377 1800 502 1883 ἔτυχεν,
526 1795 635 1876 ἰσάκις
651 1797 884 1865 πολλαπλάσια
901 1794 942 1864 τά
961 1803 996 1864 Κ
999 1799 1037 1882 Ξ,
1056 1802 1095 1863 Ν
1096 1802 1140 1864 Π.

72 1912 106 1961 15
192 1902 261 1968 Καὶ
294 1901 363 1968 ἐπεὶ
395 1900 503 1982 ἰσάκις
532 1903 601 1970 έσιί
631 1902 882 1972 πολλαπλάσιον
912 1901 950 1970 τὸ
981 1909 1049 1970 ΗΘ
1078 1906 1140 1970 τοῦ

124 2014 194 2074 ΑΕ
219 2007 274 2074 καί
297 2006 334 2075 τὸ
359 2014 427 2074 ΘΚ
447 2012 508 2076 τοῦ
532 2016 611 2096 ΕΒ,
640 2009 749 2090 ἰσάκις
771 2007 837 2097 άοα
860 2010 929 2078 ἐστὶ
951 2008 1141 2078 πολλαπλά·

125 2131 201 2180 σιον
228 2113 265 2182 τὸ
294 2121 363 2182 ΗΘ
388 2118 450 2182 ιοῦ
478 2122 548 2182 ΑΕ
572 2116 628 2182 καί
655 2115 693 2183 τὸ
726 2122 801 2183 ΗΚ
825 2119 887 2184 τοῦ
910 2123 984 2184 ΑΒ.
1031 2115 1141 2196 ἰσάκις

126 2219 166 2286 δέ
193 2221 262 2287 ἐστι
291 2221 543 2290 πολλαπλάσιον
572 2219 609 2288 τὸ
639 2227 707 2289 ΗΘ
735 2225 797 2289 τοῦ
825 2229 894 2290 ΛΕ
917 2223 974 2289 καί
1001 2221 1039 2290 τὸ
1064 2228 1147 2289 AM

124 2328 186 2392 tofi
209 2331 282 2393 ΓΖ·
321 2327 429 2406 ἰσάκις
457 2325 522 2412 άςα
550 2326 619 2392 έστὶ
646 2327 897 2397 πολλαπλάσιον
922 2327 959 2396 τὸ
984 2334 1060 2395 ΗΚ
1079 2330 1140 2395 κοΐ

72 2440 107 2490 20
127 2439 192 2498 AB
225 2433 281 2499 καὶ
310 2433 348 2500 τὸ
377 2438 457 2500 AM
482 2433 543 2499 τοῦ
570 2436 639 2500 ΓΖ.
685 2431 802 2518 πάλιν,
834 2435 903 2502 ἐπεὶ
934 2433 1041 2514 ἰσάκις
1070 2433 1140 2501 ἐστὶ

124 2536 375 2605 πολλαπλάσιον
403 2535 440 2604 τὸ
464 2543 546 2604 AM
567 2541 628 2605 τοῦ
651 2543 712 2605 ΓΖ
735 2538 790 2606 καί
813 2538 850 2607 τὸ
874 2546 958 2607 ΜΝ
976 2542 1038 2608 τοῦ
1062 2546 1140 2624 ΖΔ,

126 2641 234 2722 ἰσάκις
266 2640 332 2728 άρα
359 2643 429 2710 ἐστὶ
455 2643 707 2712 πολλαπλάσιον
735 2642 772 2712 τὸ
801 2652 884 2712 AM
905 2649 967 2714 τοῦ
994 2651 1056 2714 ΓΖ
1083 2646 1140 2712 καὶ

125 2745 162 2813 τὸ
187 2753 263 2813 AN
280 2750 341 2814 τοῦ
364 2752 434 2816 ΓΔ.
472 2748 580 2830 ἰσάκις
603 2748 640 2818 δέ
663 2742 707 2837 ἦν
730 2752 982 2821 πολλαπλάσιον
1005 2752 1044 2820 τὸ
1064 2758 1146 2819 AM

124 2854 270 2929 ποῦ,ΓΖ
296 2854 352 2920 καί
380 2851 418 2922 τὸ
442 2861 517 2922 ΗΚ
542 2859 603 2923 τοῦ
626 2863 705 2924 AB·
743 2856 851 2943 ἰσάκις
878 2856 944 2943 άμα
970 2857 1038 2926 ἐστὶ
1061 2864 1141 2925 πολ-

72 2965 107 3017 25
125 2957 311 3026 λαπλάσιον
337 2958 375 3027 τὸ
400 2967 475 3029 HK
495 2965 557 3029 τοῦ
580 2969 645 3029 ΑΒ
669 2963 724 3030 καί
746 2961 784 3031 τὸ
808 2972 884 3033 ΛΝ
901 2975 963 3033 τοῦ
986 2969 1056 3031 ΓΛ.
1097 2961 1139 3029 τά

125 3070 208 3149 ΗΚ,
232 3071 308 3132 AN
326 3065 392 3153 άρα
413 3070 483 3135 τάν
496 3075 572 3157 ΑΒ,
591 3074 653 3136 ΓΔ
677 3067 785 3149 ἰσάκις
808 3071 877 3138 ἐστὶ
899 3068 1140 3138 πολλαπλάσια.

199 3273 262 3332 λά
300 3294 385 3348 supra
407 3297 444 3333 m.
468 3285 484 3333 2
508 3278 539 3332 F.
626 3286 667 3336 11.
687 3280 754 3351 ΕΒ]
779 3283 832 3334 ΒΕ
854 3279 915 3351 Bp,
940 3280 1138 3335 etVecorr.

161 3344 193 3402 τὸ
214 3352 267 3403 ΔΖ
301 3344 333 3402 τὸ
361 3352 414 3404 ΖΔ
437 3348 471 3419 Γ,
494 3350 520 3405 V
547 3366 583 3402 m.
603 3357 632 3418 23
658 3354 711 3406 ΔΖ
729 3350 759 3404 Ρ.
846 3357 889 3406 12.
914 3352 979 3422 ER]
1000 3368 1139 3421 supram.

127 3416 224 3473 ΞΕ..
267 3424 308 3473 17.
329 3420 403 3490 ΗΚ]
424 3420 628 3476 Πλατάνῃ.
649 3428 664 3475 1
684 3422 716 3477 V.
790 3421 1139 3494 AB]Aeeorr.m.2V.

164 3493 205 3544 18.
229 3489 308 3560 AM]
332 3489 362 3544 in
385 3507 437 3546 ras.
462 3507 498 3547 m.
524 3497 539 3545 2
563 3490 596 3546 V.
688 3498 730 3551 19.
755 3493 818 3564 ΓΖ]
843 3497 870 3548 Γ
889 3494 919 3548 in
941 3510 994 3548 ras.
1013 3511 1049 3547 m.
1070 3497 1086 3546 2
1105 3492 1140 3547 V.

80 3577 233 3725 γζαικ
257 3611 270 3656 .·
292 3548 979 3682 Ζεειιίεκί).π,μελ,ι;λ),
