2446 3938
48 272 57 279 .
142 197 204 261 138
508 195 709 248 ΣΤΟΙΧΕΙΩΝ
728 191 766 248 5'.

141 342 333 406 διπλασίονι
352 335 441 428 λόγῳ
461 335 530 404 ἐστὶ
548 339 617 404 τῶν
640 333 817 422 ὁμολόγων
835 338 1000 420 πλευρῶν.
1042 335 1101 402 καλ
1119 335 1158 403 τὸ

141 441 358 512 ΑΒΓΛΕ”
336 469 403 529 αρα
426 442 625 529 πολύγωνον
649 441 733 530 πρὸς
755 441 793 510 τὸ
814 447 987 509 ΖΗΘΚΛ
1004 439 1159 528 πολύγω-

140 578 204 620 νον
243 555 444 617 διπλασίονα
482 550 585 636 λόγον
621 553 687 636 ἔχει
723 547 808 637 ἥπερ
839 545 861 635 6
895 555 961 616 AB
993 545 1160 665 ὁμόλογος

33 724 36 729 .
143 656 269 741 πλευρδι
293 655 377 744 πρὸς
399 656 462 744 τὴν
487 663 561 724 ΖΗ
579 653 747 743 ὁμόλογον
770 654 927 743 πλευρόν.

107 796 123 844 5
212 761 317 830 T6''
296 789 361 851 αρα
392 760 493 850 ὅμοια
524 761 704 848 πολύγωνα
738 770 785 842 είς
816 788 851 830 τε
882 759 982 848 ὅμοια
1011 765 1159 849 τρίγωνα

143 874 321 958 διαιρεῖται
347 869 403 936 καὶ
432 874 479 950 είς
507 877 564 936 ίσα
590 867 628 937 τὸ
660 871 791 954 πλῆθος
817 867 874 935 καὶ
907 863 1056 954 ὁμόλογα
1087 879 1160 947 τοῖς

142 974 250 1063 όλοις,
284 974 400 1043 καὶτὸ
424 974 624 1060 πολύγωνον
647 972 732 1058 πρὸς
753 972 791 1041 τὸ
815 973 1017 1059 πολύγωνον
1040 976 1159 1041 διπλα-

143 1088 242 1151 σίονα
273 1080 378 1167 λόγον
406 1086 471 1168 ἔχει
499 1080 583 1168 ἥπερ
606 1078 627 1167 6
652 1077 816 1167 ὁμόλογος
838 1078 965 1167 πλευρὰ
989 1077 1073 1167 πρὸς
1094 1078 1159 1166 τὴν

142 1185 311 1274 ὁμόλογον
334 1185 484 1273 πλευρόν
509 1184 604 1273 [ὅπερ
630 1190 697 1253 ἔδει
722 1187 851 1270 δεῖξαι].

88 1379 122 1428 10
545 1343 739 1432 Πόρισμα.

203 1450 376 1532 Ὡσαύτως
405 1450 442 1519 δὲ
465 1452 520 1518 καὶ
546 1451 598 1519 ἐπὶ
626 1454 694 1519 τῶν
720 1448 876 1538 [ὁμοίων]
900 1449 1157 1540 τετραπλεύρων

141 1557 369 1644 δειχθήσεται,
397 1558 448 1626 ὅτι
476 1560 513 1626 ἐν
542 1561 733 1626 διπλασίονι
766 1557 855 1650 λόγῳ
884 1557 949 1624 είσλ
976 1561 1045 1625 τῶν
1074 1554 1157 1645 ὁμο-

140 1663 253 1750 λόγων
281 1667 444 1751 πλευρῶν.
490 1665 626 1750 ἐδείχθη
655 1662 693 1729 δὲ
720 1663 775 1728 καὶ
800 1663 852 1730 ἐπὶ
875 1665 943 1731 τῶν
965 1663 1158 1751 τριγοίνων·

142 1770 226 1838 ὥστε
262 1771 318 1838 καὶ
350 1769 503 1839 καθόλου
534 1768 575 1836 τὰ
600 1766 709 1856 ,όμοια
742 1767 966 1856 εὐθύγραμμα
1003 1768 1158 1857 σχήματα

91 1907 124 1956 15
143 1875 226 1963 πρὸς
249 1873 376 1963 ἄλληλα
400 1879 437 1944 ἐν
460 1880 653 1944 διπλασίονι
676 1876 765 1965 λόγῳ
790 1874 854 1942 είσλ
881 1877 950 1943 τῶν
978 1872 1157 1963 ὁμολόγων

81 1988 85 1995 ’
140 1986 303 2070 πλευρῶν.
344 1982 425 2070 ὅπερ
449 1985 517 2050 ἔδει
541 1983 654 2062 δεῖξαι.

515 2141 715 2229 [Πόρισμα
733 2139 777 2227 β’.

206 2248 275 2316 Καὶ
309 2247 368 2316 ἐὰν
399 2251 467 2316 τῶν
496 2254 577 2332 ΑΒ,
598 2253 670 2314 ΖΗ
692 2253 809 2334 τρίτην
841 2245 1012 2334 ύνοίλογον
1045 2246 1157 2334 λοίβω-
1206 2304 1209 2309 .

139 2380 200 2440 μεν
232 2353 294 2441 τὴν
327 2357 371 2441 Ξ,
403 2351 424 2440 6
453 2361 520 2421 BA
553 2352 637 2441 πρὸς
668 2350 730 2439 τὴν
757 2356 787 2430 Ξ
817 2357 1019 2421 διπλασίονα
1049 2353 1156 2440 λόγον

80 2491 123 2541 ⁴20
142 2465 207 2548 ἔχει
240 2458 325 2547 ἤπερ
361 2456 383 2547 6
416 2466 481 2527 AB
514 2458 598 2546 πρὸς
629 2457 692 2544 τὴν
729 2465 805 2527 ΖΗ.
856 2464 923 2547 ἔχει
956 2457 994 2527 δὲ
1027 2460 1084 2527 καλ
1116 2460 1156 2530 τὸ

139 2566 340 2653 πολύγωνον
373 2563 457 2653 πρὸς
488 2562 525 2631 τὸ
560 2564 761 2650 πολύγωνον
793 2561 814 2651 6
842 2563 881 2633 τὸ
908 2563 1156 2655 τετράπλευρον

139 2672 223 2761 πρὸς
240 2672 278 2740 τὸ
302 2669 547 2755 τετράπλευρον
567 2674 767 2739 διπλασίονα
790 2671 894 2758 λόγον
922 2670 1005 2759 ἥπερ
1029 2669 1049 2758 6
1074 2669 1157 2759 ὁμό-

140 2785 238 2864 λογος
261 2774 388 2864 πλευρὰ
411 2776 494 2864 πρὸς
516 2775 578 2863 τὴν
602 2774 771 2863 ὁμόλογον
793 2777 959 2864 πλευρόν,
982 2779 1155 2847 τουτέστιν

139 2881 246 2969 ἡΑΒ
269 2880 354 2969 πρὸς
381 2882 443 2968 την
468 2890 548 2951 ΖΗ·
582 2887 716 2971 ἐδείχθη
747 2883 986 2954 δὲτούτοκαὶ
1010 2885 1156 2954 ἐπὶτῶν

84 3020 119 3069 25
138 2989 326 3076 τριγιόνων·
350 2987 434 3058 ὥστε
453 2991 509 3057 καὶ
527 2989 680 3058 καθόλου
704 2990 871 3078 φανερόν,
895 2989 957 3078 ότι,
982 2989 1042 3060 ἐὰν
1065 3005 1156 3080 τρεῖς

140 3094 270 3165 εὐθεῖαι
294 3093 466 3184 ύνοίλογον
491 3089 590 3182 ὦσιν,
615 3101 706 3164 ἔσται
730 3094 775 3178 ὥς
798 3095 818 3184 6
842 3098 954 3186 πρύτη
979 3097 1064 3186 πρὸς
1090 3097 1156 3185 τὴν

139 3209 267 3290 τρίτην,
292 3200 399 3283 οὕτως
417 3202 455 3271 τὸ
480 3201 546 3270 ἀπὸ
570 3206 629 3289 τῆς
651 3202 785 3291 πραότης
808 3200 897 3284 εἶδος
919 3203 1003 3290 πρὸς
1025 3203 1063 3273 τὸ
1088 3202 1156 3274 ἀπὸ

137 3313 195 3393 τῆς
219 3310 376 3394 δευτέρας
398 3307 436 3376 τὸ
461 3306 581 3396 ὅμοιον
604 3309 659 3376 καὶ
689 3307 813 3397 ὁμοίως
842 3310 1154 3400 ἀναγραφόμενον]

211 3446 365 3504 Lssozch.
406 3445 930 3537 2.πολύγωνον](ο11))πολύγονονρ,
987 3451 1157 3541 7.πολύγω

137 3456 519 3591 νον]1(11.)πολυγύνιονφ.
568 3527 609 3576 10
623 3517 762 3594 ποριομα]
773 3540 827 3578 om
838 3522 931 3591 PBV3
946 3544 984 3580 κα
989 3521 1061 3594 'Pp
1112 3533 1156 3583 11.
