2446 3938
339 203 613 256 armamuroauu
630 182 740 255 amaa
757 204 803 255 vr.
975 228 984 245 ·
1020 203 1085 269 159

30 351 39 363 '
71 348 173 409 HA:
202 347 273 409 ΛΚ
299 375 341 399 =
370 349 440 410 HA
463 369 471 409 ι
493 349 567 411 ΑΕ.
628 366 706 431 ergo
734 349 805 410 HA
832 347 878 412 'ad
910 350 1080 432 utramque

71 454 155 536 ΛΚ,
171 453 242 517 Aa
263 451 398 518 eandem
421 452 581 518 rationem
603 451 711 515 habet.
756 474 854 536 quare
877 457 1000 518 AE=
1014 457 1088 520 ΛΚ
1187 462 1190 468 “

74 557 128 641 [·V‚
152 558 186 640 9]
215 559 322 624 minor
350 559 481 642 maiori3
514 557 599 642 quod
623 557 698 622 fieri
724 579 791 623 non
818 561 936 641 polest.
986 581 1084 645 quare

71 665 142 729 fieri
164 685 231 729 non
255 667 378 749 polest,
400 669 438 730 ui
461 666 609 748 ΑΒΓΔ,
630 668 693 728 ΑΖ
717 646 837 730 dimum
861 648 995 730 eandem
1018 665 1084 731 dia·

72 775 213 836 metrum
255 771 362 854 posita
402 792 470 836 non
514 770 589 834 sint.
655 789 733 854 ergo
778 755 1085 856 parallelogramma

72 864 220 961 ΑΒΓΔ,
246 880 312 941 ΑΖ
335 877 455 942 eiroum
484 877 618 941 eandem
644 875 838 941 diametrum
866 877 976 961 posita
1002 881 1087 944 sum.

139 982 230 1068 Ergo
270 983 297 1048 ei
333 1005 353 1048 a
389 984 696 1068 parallelogrammo
733 981 877 1047 aufertur
916 983 1087 1068 parallelo·

72 1110 256 1176 grammum
281 1089 344 1155 toti
368 1089 472 1153 simile
496 1093 529 1154 ei
552 1089 703 1154 simililer
724 1089 869 1175 positum
892 1093 926 1154 ei
943 1110 1085 1154 eommu-

39 1196 41 1200 ’
71 1217 146 1262 nem
169 1195 325 1281 angulum
348 1194 486 1280 habens,
510 1195 629 1260 oireum
653 1194 787 1259 eandem
811 1194 1005 1260 diametrum
1029 1216 1085 1279 po

72 1303 171 1368 situm
195 1305 244 1367 esi
267 1321 304 1366 ao
326 1304 447 1385 lotum3
470 1301 556 1385 quod
578 1305 651 1366 erat
673 1301 968 1392 demonstramdum.

500 1493 655 1561 ,XXVIL

139 1619 293 1686 Omnium
315 1620 696 1705 parallelogrammorum
720 1620 824 1686 eidem
846 1624 953 1687 reatae
978 1620 1080 1706 adpli-

71 1732 219 1794 catorum
238 1731 271 1792 et
290 1726 509 1792 deficientium
527 1725 641 1810 figuris
663 1727 977 1813 parallelogrammis
996 1727 1083 1792 simi·

70 1835 156 1900 libus
179 1837 212 1899 el
235 1834 385 1899 similiter
407 1833 523 1917 positis
548 1832 591 1916 ei,
615 1853 696 1915 quae
719 1832 755 1896 in
778 1832 911 1898 dimidia
930 1832 1083 1899 deseribi·

69 1946 137 2024 lur,
174 1940 351 2005 maximum
384 1943 434 2006 eei
465 1936 808 2023 parallelogrammum
841 1937 995 2011 dimidiae
1029 1939 1084 2005 ad-

71 2048 228 2132 plioalum
254 2045 395 2111 defectui
420 2044 533 2109 simile.

143 2150 194 2217 Sit
220 2155 309 2217 reeta
337 2155 402 2216 AB
431 2155 465 2215 el
487 2150 523 2214 in
546 2149 625 2214 duaa
647 2150 758 2232 paries
783 2149 934 2232 aequales
958 2154 1084 2214 secetur

71 2261 106 2325 in
128 2261 164 2343 Γ,
190 2262 223 2323 et
247 2261 353 2324 reatae
371 2261 438 2322 AB
457 2256 640 2340 adplicetur
656 2254 1000 2340 parallelogrammum
1013 2261 1084 2320 ΑΔ

72 2365 224 2432 deficiens
248 2365 354 2450 figura
376 2364 682 2448 parallelogramma
706 2367 772 2427 AB
795 2363 830 2428 in
853 2362 986 2427 dimidia
1017 2352 1084 2428 reo·

70 2477 124 2538 iae
155 2475 220 2536 AB
228 2521 237 2556 ‚
268 2469 331 2535 hoo
358 2473 409 2534 esi
436 2469 470 2533 in
499 2472 575 2554 ΓΒ,
603 2469 772 2554 descripta.
826 2469 912 2553 dieo,
940 2469 1084 2534 omnium

63 2570 451 2664 ,parallelogrammorum
466 2580 574 2641 rectae
588 2580 653 2640 AB
668 2576 905 2660 adplieaiorum
920 2579 953 2639 et
970 2575 1085 2660 figuris

72 2755 157 2822 BVp.
201 2759 226 2808 6.
240 2749 316 2808 ἐστίν
329 2752 359 2806 Ρ,
417 2757 457 2805 10.
473 2749 538 2821 ἔχον
552 2752 658 2820 γωνίαν
668 2751 702 2806 V.
757 2747 861 2823 αὐτήν]
874 2768 959 2820 supra
972 2768 1009 2804 m.
1026 2757 1040 2804 1
1056 2769 1083 2819 p.

109 2830 150 2880 12.
169 2819 194 2878 λ’
214 2824 269 2893 Fp.
362 2828 404 2877 17.
422 2841 452 2876 τε
472 2819 531 2876 ἐστι
548 2840 576 2891 p.
668 2828 710 2878 18.
729 2818 1023 2894 παραλαμβανόμενον
1047 2821 1083 2887 1³3

72 2911 143 2980 eorrn.
161 2911 197 2949 m.
216 2911 270 2950 reo.
334 2889 635 2982 παραλλρλόρραμμον]
647 2909 692 2974 m.
710 2909 766 2949 reo.
783 2894 814 2951 P.
884 2887 993 2964 ὅμοιον]
1013 2909 1084 2948 oorr.

72 2983 107 3021 ex
125 2984 191 3036 opor
209 2966 241 3022 P.
314 2970 356 3020 19.
376 2985 410 3020 ον
427 2965 479 3035 τῳ]
499 2984 533 3018 ον
552 2983 583 3019 το
604 2983 626 3032 φ
644 2980 675 3016 m
692 2981 747 3020 ras,
781 2960 921 3035 ἕλλείματι
940 2983 967 3034 p.
1040 2970 1083 3018 21.

70 3033 135 3108 τήν]
154 3032 206 3106 τὴν
224 3032 315 3106 αὐτήν
333 3036 364 3090 Ρ.
445 3037 516 3107 ΑΔ]
537 3039 563 3088 Δ
580 3032 610 3089 in
627 3049 681 3089 rae.
700 3053 736 3090 m.
756 3040 772 3090 2
791 3035 831 3101 Vr
855 3039 909 3088 AB
928 3053 959 3103 φ.
1041 3040 1085 3088 23.

71 3109 141 3180 ΔΒ]
161 3109 218 3162 ΔΘ
238 3129 260 3176 φ
280 3109 347 3176 (non
364 3107 405 3177 F).
442 3105 510 3161 Post
532 3107 586 3162 hoe
609 3105 707 3162 uoeab.
733 3105 797 3160 add.
815 3105 923 3160 Theon:
949 3100 1035 3174 ὁμοίω
1054 3123 1084 3158 rr

71 3179 120 3266 μοὶ
148 3174 252 3250 ὁμοίως
280 3173 476 3266 ρῖναμραφὲντι
503 3179 548 3246 (F3
575 3194 627 3266 pro
651 3172 739 3250 ὁμοίῳ
763 3176 851 3246 Bprp,
878 3175 904 3229 V
922 3191 959 3227 m,
979 3181 995 3229 2
1018 3157 1084 3229 lrab.

71 3248 467 3392 ll⁰il⁹³rpllnllrl⁷llilm
486 3247 759 3390 {livilllllllz
776 3246 929 3392 lalllssl
941 3262 1084 3387 liqrdliff

71 3393 255 3521 allidi.
268 3394 613 3534 lllifllrlllillffil'l
626 3391 744 3519 lelium
758 3389 1084 3532 dlldilllllll:

107 3541 150 3591 26.
169 3530 477 3605 παραλληλογράμμοις]
497 3550 551 3589 om.
570 3531 599 3588 P.
