2446 3938
118 136 181 201 186
495 136 696 190 mmmm
715 131 749 200 ς’,

183 279 232 362 [ι’.
256 275 497 367 Περισσάκις
530 274 666 366 ἀρτιός
694 280 802 345 ἐστιν
832 274 850 346 6
878 274 942 346 ὑπὸ
972 281 1136 363 περισσοῦ

25 420 28 427 ·
118 383 270 473 ἀριθμοῦ
294 385 516 472 μετρούμενος
538 382 621 452 κατά
645 382 763 471 άρτιον
787 381 960 471 ἀριθμόν].

183 490 239 558 ια’.
264 491 509 578 Περισσάκις
542 491 579 559 δὲ
610 489 799 576 περισσὸς
836 488 1012 577 ἀριθμός
1045 493 1137 559 ἐστιν

116 595 134 666 6
159 594 224 666 ὑπὸ
248 601 409 687 περισσοῦ
433 594 584 685 ἀριθμοῦ
608 599 831 683 μετρούμενος
859 596 942 663 κατὰ
973 597 1137 685 περισσὸν

82 702 274 792 ὁάριθμύν.

183 812 240 898 ιβ’.
264 818 430 900 Πρῶτος
458 809 630 900 ἀριθμός
654 813 744 879 ἐστιν
769 809 786 879 6
816 810 943 897 μονάδι
968 810 1055 900 μόυή
1080 836 1138 897 με·

115 923 307 1008 τρούμενος.

183 1027 239 1112 ιμ’.
264 1029 423 1113 Πρῶτοι
447 1023 543 1110 πρὸς
571 1022 769 1112 ἀλλήλους
797 1022 970 1113 ἀριθμοί
991 1027 1076 1091 εἰσιν
1103 1027 1137 1092 ολ

119 1133 242 1220 μονάδι
266 1132 352 1220 μόνή
378 1131 595 1219 μετρούμενοι
619 1136 721 1224 κοινῷ
746 1133 862 1222 με’τρῳ.

64 1258 97 1306 10
183 1239 239 1308 ιδ’.
265 1238 472 1318 Σύνθετος
508 1236 682 1324 ἀριθμός
720 1240 810 1306 ἐστιν
846 1235 863 1306 6
898 1236 1033 1329 ἀριθμῷ
1067 1264 1135 1305 τινι

116 1345 348 1434 μετρούμενος.

184 1451 235 1519 ιε’.
260 1451 465 1518 Σύνθετοι
485 1449 521 1517 δὲ
540 1447 637 1537 πρὸς
652 1448 849 1536 ἀλλήλους
864 1448 1036 1537 ἀριθμοί
1049 1453 1136 1518 εἰσιν

120 1561 155 1625 ολ
176 1555 310 1647 ἀριθμῷ
335 1583 401 1624 τινι
425 1556 643 1643 μετρούμενοι
667 1560 769 1648 κοινῷ
794 1557 910 1647 μέτρῳ.

184 1663 239 1733 ις’.
260 1660 447 1750 Ἀριθμὸς
471 1660 646 1749 ἀριθμὸν
665 1662 1028 1745 πολλαπλασιάζειν
1046 1663 1136 1749 λέγε-

67 1785 98 1834 15
118 1797 186 1855 ται,
215 1768 311 1855 ὅταν,
341 1767 417 1836 ὅσαι
448 1769 534 1836 εἰσὶν
563 1771 599 1836 ἐν
629 1765 718 1860 αὐτῷ
748 1768 907 1856 μονάδες,
938 1769 1137 1850 τοσαυτάκις

119 1879 266 1965 συντεθῇ
292 1873 309 1943 6
334 1875 717 1962 πολλαπλασιαζόμενος,
740 1876 795 1942 καλ
819 1876 957 1961 γένηταί
977 1901 1034 1956 τις.

185 1983 235 2064 ιζ’.
251 1984 352 2051 Ὀταν
373 1980 410 2050 δὲ
429 1980 492 2049 δύο
512 1977 654 2069 ἀριθμοὶ
673 1983 1023 2062 πολλαπλασιάσαντες
1037 1978 1139 2070 ἀλλή-
1195 2052 1198 2058 ,

119 2096 199 2169 λους
231 2094 355 2158 ποιῶσί
379 2115 470 2173 τινα,
504 2085 522 2156 6
553 2087 733 2174 γενόμενος
766 2089 951 2166 ἐπίπεδος
979 2095 1138 2172 καλεῖται,

121 2196 287 2284 πλευραὶ
321 2195 358 2263 δὲ
391 2193 496 2262 αὐτοῦ
527 2197 561 2261 οι’
592 2193 942 2274 πολλαπλασιάσαντες
969 2192 1137 2282 ἀλλήλους

64 2318 98 2367 2ο
118 2300 266 2392 ἀριθμοί.

184 2408 241 2495 ιη’.
257 2407 358 2474 Ὅταν
396 2405 434 2473 δὲ
470 2419 558 2494 τρεῖς
603 2402 745 2494 ἀριθμοὶ
787 2405 1140 2488 πολλαπλασιάσαντες

120 2511 285 2600 ἀλλήλους
313 2515 438 2580 ποιωσί
462 2519 553 2597 τινοῑ,
583 2508 601 2578 6
637 2511 818 2598 γενόμενος
847 2512 1006 2600 στερεός
1034 2515 1137 2599 ἐστιν,

50 2609 53 2614 ¹
118 2620 286 2706 πλευραὶ
320 2618 358 2686 δὲ
390 2615 495 2685 αὐτοῦ
527 2621 563 2685 οἱ
592 2617 942 2706 πολλαπλασιάσαντες
970 2614 1139 2707 ἀλλήλους

118 2727 269 2813 ἀριθμοί.

192 2945 233 2993 12,
253 2935 424 2992 lamblichus
444 2953 470 3004 p.
487 2942 529 2990 42
558 2937 714 2992 Martianus
731 2937 789 3007 Cap
792 2937 847 2992 ella
861 2937 921 3005 VII,
938 2943 996 2994 751.
1025 2939 1138 3009 Philop

119 3012 150 3066 in
172 3011 244 3065 anal
273 3010 344 3079 post.
369 3006 417 3061 fol.
443 3012 504 3062 15'.
552 3015 594 3063 13.
617 2956 789 3063 Alexanderp
800 3010 923 3078 Aphrod.
950 3009 980 3063 in
1004 3009 1075 3066 anal.
1095 3027 1138 3079 pr.

120 3082 169 3138 fol.
193 3089 235 3138 87.
272 3078 427 3136 Martianus
452 3077 509 3150 Gap
510 3079 567 3134 ella
590 3079 654 3147 VII,
680 3085 738 3134 751.
780 3078 944 3149 Philop.'1n
968 3081 1041 3135 anal.
1065 3083 1139 3150 posss

120 3153 168 3208 fol.
180 3160 251 3208 1·5.
291 3158 332 3206 14.
352 3149 512 3219 Philop.1n
531 3151 603 3205 anal.
624 3122 696 3221 p6st.
716 3151 764 3206 fol
786 3156 1002 3206 151.15-17
1029 3151 1141 3208 Psellus

120 3244 146 3294 p.
168 3231 183 3278 6
231 3229 299 3277 18-
301 3229 343 3276 2.0
363 3221 516 3291 Psellusp.
537 3229 560 3277 7.

193 3408 216 3455 1.
236 3398 268 3454 δε
288 3394 428 3467 ἀρτιοςΡ,
447 3395 535 3454 λάθ’
501 3420 581 3488 αρτ·
595 3400 625 3454 in
643 3415 696 3453 ras
735 3393 1014 3485 ἀρτιοςάριθμόςρ.
1052 3418 1137 3484 προσ-

37 3542 41 3550 .
120 3470 328 3526 νποικουστὲον
358 3471 419 3523 καί
441 3465 511 3523 κατὰ
536 3467 633 3558 ἀρτιον
657 3489 712 3540 mg.
737 3488 773 3524 m.
801 3470 864 3526 1Ρ.
952 3477 976 3524 3.
997 3464 1136 3542 ἀριθμός]

88 3588 199 3724 μήτε
192 3576 518 3715 ιτιομαμι
489 3579 747 3778 στάμνοι
744 3573 812 3651 n..
836 3577 1205 3694 mrumst&
1072 3580 1093 3643 ὁ
