2446 3938
566 673 668 749 VIII.

601 844 627 910 Ι.

177 967 211 1033 Si
234 969 395 1053 quotlibet
422 969 549 1034 numeri
572 969 724 1054 deinceps
752 968 1014 1053 proportionales
1039 972 1125 1054 sunt,

109 1077 142 1138 et
174 1074 311 1139 extremi
339 1096 450 1139 eorum
478 1076 564 1140 inter
583 1097 626 1140 se
655 1075 752 1156 primi
780 1077 868 1159 sunt,
896 1074 1021 1139 minimi
1049 1078 1126 1139 sunt

109 1200 235 1264 eorum,
259 1181 314 1265 qui
338 1181 472 1245 eandem
495 1181 656 1246 rationem
679 1181 810 1246 habent.

175 1284 247 1350 Sint
266 1287 427 1371 quotlibet
445 1289 571 1352 numeri
593 1289 679 1353 inter
699 1309 733 1353 se
756 1287 1016 1371 proportionales
1037 1286 1123 1352 dein-

107 1414 182 1477 ceps
215 1399 260 1478 A,
282 1396 327 1479 Β,
350 1396 392 1478 Γ,
412 1399 458 1476 Δ,
487 1397 520 1458 et
547 1417 659 1459 eorum
688 1395 824 1460 extremi
850 1400 896 1478 A,
916 1400 949 1458 A
976 1395 1061 1460 inter
1090 1417 1124 1460 se

107 1499 205 1582 primi
228 1500 303 1564 sint.
349 1500 434 1584 dieo,
456 1522 608 1565 numeros
630 1506 675 1584 A,
694 1505 736 1584 Β,
755 1503 796 1584 Γ,
816 1506 849 1565 Δ
876 1501 1028 1568 minimos
1053 1524 1123 1567 esse

108 1626 236 1688 eorum,
260 1607 316 1689 qui
339 1605 475 1669 eandem
498 1607 659 1669 rationem
682 1605 833 1672 habeant.

319 1766 502 1815 Αι--
607 1770 610 1775 ’
712 1765 829 1814 ι-ιΕ

619 1884 623 1919 ι
648 1868 654 1881 “
712 1872 887 1921 r-——1Z

570 1989 573 2024 r
712 1977 850 2026 ι-ιΗ

563 2148 568 2155 ¹
676 2096 680 2132 ι
709 2081 910 2133 ι--ιΘ

172 2203 258 2270 Nam
282 2206 311 2270 si
333 2207 456 2290 minus,
478 2205 606 2270 numeri
629 2210 672 2290 E,
692 2211 729 2292 Z,
747 2211 789 2290 H,
810 2211 838 2272 Θ
860 2206 1002 2273 numeris
1026 2212 1067 2293 A,
1085 2212 1123 2292 Β,

105 2315 191 2396 Γ,Λ
210 2312 350 2378 minores
371 2314 437 2377 sint
456 2312 591 2377 eandem
610 2315 770 2379 rationem
788 2315 956 2379 habentes.
993 2318 1026 2377 et
1045 2336 1122 2398 quo-

105 2419 193 2482 niam
213 2425 253 2504 A,
271 2423 310 2504 Β,
328 2423 365 2504 Γ,
384 2425 418 2483 A
437 2423 469 2484 et
487 2424 526 2504 E,
545 2423 582 2504 Z,
600 2424 643 2498 H,
662 2425 691 2485 e
708 2421 743 2486 in
762 2420 874 2486 eadem
892 2419 1018 2484 ratione
1038 2425 1122 2504 sunt,

104 2529 137 2589 et
165 2525 340 2592 multitudo
367 2526 568 2591 multitudini
600 2528 745 2611 aequalis
774 2531 838 2611 est,
865 2549 904 2590 ex
933 2547 1036 2609 aequo
1060 2526 1123 2590 erit

105 2631 196 2714 ΝΠ,
225 2632 279 2712 14]
303 2637 362 2698 A:
383 2637 416 2696 A
436 2663 478 2686 =
501 2637 532 2697 Β
548 2656 556 2696 :
575 2637 612 2699 Θ.
657 2655 771 2698 uerum
794 2638 840 2717 A,
858 2636 892 2696 A
915 2632 1013 2718 primi
1037 2635 1121 2716 sunt,

102 2737 200 2820 primi
232 2741 342 2803 autem
372 2739 471 2803 etiam
504 2739 631 2804 minimi
664 2743 741 2805 sunt
774 2737 866 2825 ΝΠ,
884 2740 963 2824 21],
995 2740 1121 2805 minimi

104 2847 212 2909 autem
225 2845 352 2911 numeri
367 2867 432 2930 eos,
452 2846 507 2930 qui
522 2846 655 2911 eandem
670 2847 833 2912 rationem
851 2847 984 2932 habent,
1005 2868 1121 2932 aequa·

101 2950 177 3019 liter
208 2948 401 3030 metiuntur,
433 2951 538 3016 maior
571 2952 728 3017 maiorem
761 2956 795 3016 et
825 2953 932 3018 minor
960 2953 1120 3018 minorem

77 3055 191 3138 -[VII,
215 3056 286 3140 20],
313 3056 344 3120 h.
373 3079 399 3120 e.
427 3057 622 3141 praecedens
652 3058 900 3141 praecedentem
923 3061 956 3122 et
984 3079 1120 3141 sequens

103 3166 301 3248 sequentem.
357 3161 468 3246 itaque
502 3169 534 3243 A
568 3184 739 3228 numerum
772 3167 804 3226 E
834 3163 980 3246 metitur,
1017 3163 1121 3228 maior

103 3407 157 3446 om.
180 3391 210 3445 P.
294 3397 337 3446 18.
362 3385 377 3444 ὅ
402 3410 432 3446 τε
458 3392 609 3461 μείζων-
626 3397 672 3446 19:
700 3388 863 3461 τουτέστιν]
886 3389 921 3456 Ρ;
946 3407 999 3445 om.
1023 3389 1120 3444 Theon

102 3461 213 3529 (BVp).
286 3467 329 3516 21.
349 3457 506 3533 ἀδύνατον]
527 3459 635 3517 ἄτοπον
654 3463 715 3531 ch.
