2446 3938
222 174 230 185 '
348 197 624 250 muuuuronuu
640 198 750 250 muru
767 198 814 252 v1.
1029 197 1094 262 105

84 339 217 407 duolom
240 342 364 407 reolum
385 339 525 405 medinm
548 340 636 404 inter
661 344 772 424 perles
800 341 888 409 boeio
910 342 1095 425 proportio-

22 512 25 517 ,
82 446 192 512 nalem
214 445 299 513 foro.
321 477 358 493 -
385 445 471 530 quod
494 449 568 511 oroi
587 445 913 533 demonsnaudum.¹)

564 604 620 671 IX.

150 709 181 775 A
196 698 371 781 doloreola
384 710 472 779 lineo
481 716 607 796 perlem
618 711 766 796 quamuis
778 711 889 778 datam
899 712 1095 778 abscindere.
1110 735 1113 742 ’

83 813 135 882 ffit
162 815 239 881 deta
265 819 355 882 reolo
378 821 453 882 ΑΒ.
496 821 626 902 opertui
653 817 754 905 igilur
782 818 824 883 ab
847 821 914 894 AB
946 819 1095 905 quamuis

83 923 196 989 dalem
219 926 346 1009 portem
370 913 567 988 abscindere.

151 1029 195 1094 sit
218 1028 295 1095 dato
317 1050 395 1112 pore
413 1029 526 1117 teriia,
554 1033 586 1095 εὴ
609 1030 744 1099 dueatur
768 1053 787 1095 o
808 1034 928 1114 puncto
952 1037 985 1096 Α
1006 1035 1098 1097 reolo

535 1141 569 1201 A
574 1139 606 1201 Γ
621 1159 695 1202 oum
713 1140 779 1202 AB
798 1137 976 1223 quemlibet
994 1157 1097 1223 angu-

281 1294 316 1351 Ε
374 1207 406 1264 Γ
536 1242 605 1308 lum
629 1243 912 1328 comprehendens,
931 1245 965 1307 εὴ
988 1265 1096 1308 sumo-

206 1383 238 1443 Λ
536 1353 590 1417 tur
605 1350 639 1414 in
653 1356 686 1414 A
691 1351 723 1414 Γ
734 1348 871 1435 quoduis
884 1353 1042 1433 punctum
1052 1354 1096 1433 A,

536 1459 569 1521 εὴ
589 1459 729 1541 ponatur
748 1458 818 1519 ΔΕ
829 1485 871 1508 ==
886 1458 958 1521 ΑΔ
970 1485 1011 1507 =
1024 1457 1097 1539 ΕΓ,

88 1570 131 1633 Α
535 1565 568 1651 et
591 1561 726 1628 ducatur
748 1564 820 1647 ΒΓ,
843 1565 876 1627 εὴ
897 1583 956 1646 per
975 1566 1009 1625 Λ
1030 1581 1097 1627 reo-

83 1671 139 1737 loe
158 1670 224 1734 ΒΓ
242 1667 401 1755 parallelo
424 1667 560 1733 dueatur
582 1672 649 1737 ΔΖ
674 1668 713 1752 [I,
732 1660 819 1757 3U1].'

152 1775 219 1841 iam
242 1771 397 1860 quoniam
419 1774 454 1839 in
476 1774 641 1861 triangulo
664 1779 768 1841 ΑΒΓ
786 1776 845 1840 uni
870 1776 1011 1840 laterum
1033 1775 1102 1837 ΒΓ

85 1881 243 1969 parallelo
267 1880 364 1949 duola
387 1883 437 1945 erl
461 1883 541 1965 ΖΔ,
564 1880 626 1945 erit
650 1881 754 1967 [prop.
773 1881 819 1963 Il]

153 1990 221 2057 ΓΔ
234 2011 244 2055 2
257 1993 328 2054 ΔΑ
344 2018 386 2043 --·
400 1990 464 2055 ΒΖ
478 2010 485 2051 :
500 1989 574 2053 ZA.
623 1985 679 2050 sed
702 1988 769 2051 ΓΔ
784 2017 826 2040 =
840 1987 862 2051 2
877 1992 956 2052 AA.
998 2007 1097 2070 quare

87 2095 186 2161 etiam
208 2097 330 2171 ΒΖΓ-ε
345 2095 366 2159 2
381 2097 455 2161 ΖΑ.
495 2093 611 2179 itaque.
628 2094 695 2156 BA
709 2091 877 2158 =3Az

153 2200 244 2287 Ergo
277 2223 297 2265 o
325 2199 403 2267 data
433 2201 523 2287 reolo
550 2200 616 2263 AB
643 2196 743 2263 teriia
773 2219 849 2281 pers
878 2200 943 2263 ΑΖ
970 2196 1099 2262 absciso

88 2309 152 2394 esi,
175 2311 212 2373 ul
232 2307 314 2373 iussi
333 2327 476 2389 erumus3
499 2304 586 2391 quod
609 2303 781 2390 oportebat
802 2303 881 2369 fieri.

573 2464 612 2530 X.

160 2570 281 2638 Delam
312 2574 436 2637 rectam
467 2571 587 2635 lineum
617 2592 683 2636 non
715 2573 835 2636 sectam
867 2569 962 2634 datae
994 2572 1101 2634 seclae

90 2681 308 2764 congruenter
330 2698 446 2743 secure.

163 2820 189 2888 1)
208 2818 283 2873 Nom
306 2816 558 2872 demonstrauimus
580 2835 608 2886 p.
632 2821 697 2884 102,
721 2822 737 2871 9
763 2834 804 2886 sq.
841 2819 894 2870 ΒΔ
908 2837 914 2870 =
930 2820 982 2870 ΔΑ
997 2841 1032 2861 =
1045 2819 1100 2869 ΑΔ

91 2893 140 2945 rA
146 2893 177 2946 Γ.
213 2888 324 2958 reliqua
345 2904 410 2957 pars
433 2886 574 2943 corollarii
596 2905 623 2957 p.
640 2892 699 2956 102,
719 2892 753 2942 26
772 2903 814 2955 eq.
833 2887 892 2941 eine
911 2886 996 2942 dubio
1014 2887 1098 2941 inier-

88 2959 189 3031 poluto
207 2961 263 3026 est3
281 2975 348 3013 nom
367 2961 396 3013 εὴ
413 2959 480 3028 posi
497 2957 661 3015 sollemnem
678 2957 760 3012 illum
783 2958 867 3012 finem
886 2957 1099 3012 demonstratio-

87 3048 157 3086 num
176 3029 441 3098 oorolloriorumque
460 3023 530 3097 ὅπερ
549 3024 610 3083 ’ἔδει
628 3029 720 3094 δεῖξαι
737 3047 764 3098 p.
781 3033 842 3095 102,
855 3033 890 3082 26
905 3028 1018 3083 additur
1036 3030 1065 3082 εὴ
1083 3044 1101 3083 o
1210 3080 1216 3089 ,

87 3101 172 3157 bonis
181 3101 262 3161 codd.
272 3099 426 3158 Theoninie
439 3101 539 3157 oberei
551 3115 603 3157 neo
616 3116 736 3169 usquam
748 3098 812 3154 usui
826 3099 877 3153 erl.
903 3098 992 3154 hobel
1004 3101 1100 3155 tomen

88 3171 248 3241 Campanus
271 3172 301 3227 εὴ
317 3171 353 3241 P,
376 3187 548 3240 quamquam
572 3170 631 3225 sine
655 3169 780 3225 clausula
801 3169 861 3224 illa.
896 3168 938 3224 ila
958 3186 993 3223 ue
1017 3171 1046 3224 εὴ
1069 3169 1100 3224 in

87 3241 232 3298 nonnullis
261 3241 340 3298 oodd.
373 3244 439 3297 onte
467 3242 610 3296 Thoonem
638 3242 667 3296 εὴ
693 3239 722 3295 in
750 3239 918 3310 quibusdum
970 3240 1100 3303 heoninio

88 3312 174 3368 simul
192 3313 292 3383 sponte
310 3313 480 3382 interpolato
499 3314 549 3366 eet.

126 3444 169 3494 20.
192 3439 298 3510 τρίτον]
321 3437 352 3494 in
373 3455 427 3494 rae.
451 3436 480 3494 F.
559 3442 601 3494 22.
621 3437 754 3508 δοθείσῃ]
773 3435 808 3507 P,
828 3436 1000 3507 Simplicius,
1020 3438 1099 3493 Com·

90 3525 195 3579 panum
214 3512 334 3582 δοθείσῃ
353 3503 457 3584 εὐθείᾳ
475 3507 573 3565 Theon
592 3505 727 3579 (Blle).
