2446 3938
400 183 602 238 ΣΤΟΙΧΕΙΩΝ
621 179 655 238 ε’.

91 328 197 392 Ἔστω
230 322 402 393 ὁποσαοῦν
434 325 560 411 μεγέθη
585 322 625 392 τά
654 331 735 411 ΑΒ,
750 330 817 391 ΓΛ
845 321 1045 393 ὁποσωνοῦν

60 433 188 516 εγεθῶν
210 432 279 497 τῶν
302 435 390 514 Ε,Ζ
414 437 497 497 ἴσων
520 426 558 497 τὸ
582 432 713 515 πλῆθος
739 430 881 497 ἕκαστον
904 430 1047 498 ἑκάστου

60 535 143 616 ιάκις
170 533 435 602 πολλαπλάσιον·
462 535 563 620 λέγω,
593 532 644 603 ὅτι
673 532 882 604 ὁσαπλάσιόν
909 539 978 604 έστι
1005 535 1043 605 τὸ
1094 608 1108 634 s

60 649 98 709 ΓΒ
131 645 192 709 τοῦ
225 648 270 727 Ε,
302 640 571 709 τοσαυταπλάσια
601 645 693 709 ἔσται
725 642 780 709 καὶ
807 642 848 710 τὰ
877 650 959 729 ΑΒ,
980 649 1046 710 ΓΔ

60 751 100 816 ἦν
123 752 166 834 Ε,
181 754 218 815 Ζ.

96 850 185 920 Ἐπεὶ
217 851 282 940 γὰρ
311 853 420 933 ἰσάκις
447 853 516 921 έστὶ
543 853 795 922 πολλαπλάσιον
822 854 860 923 τὸ
889 863 955 922 ΑΒ
983 860 1046 923 τοῦ

60 969 63 1013 ³
89 960 145 1027 καὶ
172 958 210 1028 τὸ
240 966 307 1027 ΓΔ
329 964 391 1028 τοῦ
415 967 458 1046 Ζ,
482 957 546 1028 ὅσα
569 958 636 1047 ἄρα
658 961 750 1029 ἐστὶν
773 964 810 1029 έν
832 966 878 1054 τῷ
902 969 969 1029 ΑΒ
993 987 1046 1048 με·

60 1068 117 1152 έθη
146 1074 202 1133 ἴσα
230 1069 276 1155 τῷ
305 1073 349 1151 Ε,
377 1069 524 1134 τοσαῦτα
550 1066 606 1133 καὶ
634 1068 672 1134 έν
698 1070 744 1157 τῷ
769 1074 836 1135 ΓΔ
859 1076 916 1135 λ’σα
938 1071 983 1161 τῷ
1008 1075 1047 1135 Ζ.

60 1172 208 1262 ιηρήσθω
241 1169 279 1240 τὸ
308 1171 369 1257 μὲν
397 1179 463 1240 AB
491 1176 538 1252 εἰς
561 1169 601 1240 τά
627 1177 673 1264 τῷ
703 1181 735 1240 Ε
760 1175 887 1260 μεγέθη
917 1182 973 1241 ἴσα
1000 1172 1041 1240 τά

60 1285 120 1364 ffl,
135 1285 218 1363 ΗΒ,
240 1276 279 1344 τὸ
304 1276 343 1344 δέ
365 1283 433 1345 ΓΔ
455 1282 503 1357 εἰς
524 1277 564 1346 τά
588 1282 634 1368 τῷ
660 1285 687 1345 Ζ
715 1287 772 1345 έσα
801 1277 841 1346 τά
866 1284 943 1364 ΓΘ,
963 1287 1045 1346 ΘΔ·

60 1405 124 1452 ιται
157 1381 198 1469 δὴ
232 1392 308 1451 ἴσον
331 1381 369 1451 τὸ
396 1387 530 1470 πλῆθος
561 1386 629 1452 τῶν
657 1389 737 1470 ΑΗ,
751 1389 820 1450 ΗΒ
847 1387 893 1475 τῷ
921 1383 1046 1469 πλήθει

60 1494 100 1558 ἦν
128 1495 205 1574 ΓΘ,
224 1496 300 1556 ΘΔ.
346 1490 402 1556 καὶ
431 1490 500 1557 ἐπεὶ
529 1497 605 1557 ἴσον
638 1490 708 1557 ἐστὶ
739 1487 777 1558 τὸ
811 1488 977 1576 μὲνἈΗ
998 1494 1046 1579 τῷ
1084 1550 1094 1571 ,

60 1604 76 1681 ἴ,
99 1596 137 1663 τὸ
163 1595 200 1662 δέ
223 1601 284 1662 ΓΘ
306 1599 351 1687 τῷ
376 1602 415 1680 Ζ,
439 1603 515 1662 ἴσον
538 1592 604 1684 άοα
626 1594 664 1663 τὸ
688 1602 766 1662 ΑΗ
783 1600 828 1686 τῷ
853 1603 897 1681 Ε,
920 1596 976 1662 καὶ
1004 1595 1047 1663 τά

60 1709 119 1788 ΓΗ,
137 1708 200 1769 ΓΘ
222 1715 293 1780 τοῖς
319 1708 364 1786 Ε,
384 1708 419 1768 Ζ.
466 1698 523 1768 διὰ
552 1699 594 1767 τὰ
621 1699 707 1768 αὐτὰ
738 1701 780 1788 δὴ
810 1709 886 1770 ἴσον
915 1703 983 1769 ἐστὶ
1006 1701 1044 1769 τό

60 1815 102 1876 ιο
125 1812 170 1900 τῷ
194 1815 235 1893 α,
256 1807 313 1874 ιιι
336 1805 376 1874 τὰ
402 1813 482 1891 ΗΒ,
496 1813 564 1873 ολ
587 1820 657 1887 τοις
672 1815 712 1891 Ε,
728 1814 767 1873 z·
793 1804 856 1875 ὅσα
870 1805 937 1896 ἄρα
952 1808 1045 1876 ἐστιν
1070 1795 1073 1800 ’

60 1943 69 1977 ι
96 1919 142 2007 τῷ
166 1922 231 1982 AB
256 1921 312 1980 ἶσα
334 1915 380 2004 τῷ
404 1919 449 1996 Ε,
476 1916 622 1980 τοσαῦτα
645 1913 700 1981 καὶ
724 1915 761 1981 έν
783 1927 854 1994 τοῖς
877 1921 958 1999 ΑΒ,
978 1920 1045 1983 ΓΔ

60 2040 89 2087 ια
112 2034 181 2100 τοῖς
205 2029 249 2106 Ε,
266 2027 306 2086 Ζ·
335 2016 543 2087 ὁσαπλάσιον
567 2016 633 2105 άρα
656 2019 726 2087 έστὶ
752 2017 791 2086 τὸ
821 2026 886 2088 ΑΒ
913 2023 975 2086 τοῦ
1004 2027 1045 2105 Ε,

60 2128 300 2194 ισαυταπλάσια
324 2131 414 2194 ἔσται
437 2125 493 2192 καὶ
517 2122 556 2192 τὰ
583 2133 647 2193 ΑΒ
654 2176 664 2211 ,
678 2131 745 2193 ΓΛ
768 2128 836 2192 τῶν
859 2131 904 2211 Ε,
920 2133 955 2192 Ζ.

95 2231 173 2301 Ἐάν
200 2232 266 2322 ἄρα
296 2224 317 2322 ᾖ
347 2229 521 2300 ὁποσαοῦν
553 2233 679 2317 μεγέθη
713 2228 913 2299 ὁποσωνοῦν
952 2257 1045 2317 μεγε-

60 2344 108 2407 ὤν
132 2349 216 2408 ἴσον
239 2337 277 2407 τὸ
300 2341 432 2424 πλῆθος
454 2338 595 2405 ἕκαστον
619 2336 761 2405 ἑκάστου
789 2335 898 2416 ἰσάκις
924 2344 1047 2404 πολλα-

60 2447 192 2530 λάσιον,
216 2442 425 2513 ὁσαπλάσιόν
444 2444 534 2510 ἐστιν
553 2446 590 2511 ἓν
613 2446 681 2510 τῶν
705 2445 858 2528 μεγεθῶν
882 2441 969 2527 ἑνός,
991 2467 1046 2510 το-

60 2550 263 2619 αυταπλάσια
293 2553 384 2616 ἔσται
411 2549 466 2616 καὶ
494 2547 533 2616 τά
557 2548 666 2616 πάντα
688 2553 757 2616 τῶν
780 2548 929 2616 πάντων·
964 2545 1046 2636 ὅπερ

60 2661 100 2725 λει
124 2657 237 2736 δεῖξαι.

97 2883 185 2953 Ἐάν
214 2888 371 2971 πρῶτον
399 2885 588 2971 δευτέρου
617 2876 799 2973 ἰσάκις.ᾗ
822 2882 1045 2952 πολλαπλά-

104 3086 128 3134 6.
148 3076 341 3134 πολατλάοιον
359 3079 389 3136 P.
467 3078 531 3151 τοῦ]
550 3078 581 3132 in
598 3093 655 3134 rae.
673 3078 707 3134 V.
782 3083 805 3133 7.
826 3072 913 3148 ἐστίν]
933 3077 1045 3148 μεγέθη

60 3153 109 3205 τείν
127 3150 160 3205 V.
250 3149 372 3222 μεγέθη]
392 3167 446 3206 om.
466 3150 499 3204 V.
587 3155 611 3204 9.
631 3149 683 3220 τῷ]
710 3165 779 3204 corr,
800 3165 833 3203 ex
850 3149 907 3202 τῶν
925 3166 962 3204 m.
983 3147 1045 3202 1.B.

68 3222 128 3292 ἴσα]
153 3237 222 3276 corr.
247 3239 281 3275 ex
304 3213 376 3277 οὖσα
403 3220 528 3278 m.1V.
617 3226 659 3275 10.
679 3217 730 3290 εἰς]
751 3217 780 3273 εἰ
794 3238 823 3289 p.
904 3220 954 3290 τῷ]
975 3235 1045 3274 corr.

60 3293 141 3346 [τῶν
159 3292 196 3345 11'1.
217 3298 230 3345 1
251 3292 283 3348 Β.
357 3299 398 3346 11.
419 3293 480 3347 ἴσον
511 3290 637 3346 mv.
723 3293 794 3355 ΑΗ,
810 3289 877 3360 ΗΒ]
897 3288 960 3356 Ρηη
982 3291 1046 3358 ΓΘ,

63 3362 189 3432 ABVp.
282 3370 323 3417 12.
344 3365 412 3424 ΓΘ,
429 3364 484 3418 ΘΔ
516 3361 666 3431 ΡφςΑΗ,
683 3363 738 3415 ΗΒ
757 3359 841 3431 BVp.
915 3361 988 3432 ἴσον]
1008 3378 1047 3414 m.

66 3433 100 3487 V.
192 3440 234 3488 14.
258 3431 303 3505 τό]
327 3434 357 3488 in
385 3449 439 3489 ras.
463 3451 490 3503 p.
509 3431 677 3488 Emendatio
697 3431 739 3488 eet
758 3431 843 3487 Basil.
862 3430 911 3484 lin.
933 3437 978 3485 13:
999 3433 1046 3485 ἴσα

60 3525 89 3575 γα
111 3505 160 3560 καὶ
184 3501 219 3560 τά
242 3508 312 3574 ΑΗ,
329 3506 384 3559 ΓΘ
406 3509 466 3567 τοῖς
488 3505 610 3573 met
627 3502 676 3558 lin.
697 3508 742 3558 15:
761 3502 809 3557 καὶ
828 3498 860 3557 τὸ
882 3503 938 3556 ΘΔ
956 3502 994 3576 τῷ
1015 3504 1046 3569 Ζ,
