2446 3938
149 183 212 248 17ss
522 183 722 236 Στοσωιαα
741 176 781 235 ς’.

151 326 212 412 μὲν
236 333 301 393 ΑΒ
324 329 363 414 vy}
388 331 466 411 ΔΓ,
488 323 551 411 τὴν
575 318 612 391 δὲ
636 329 705 390 AF
723 328 761 412 vy}
788 330 868 391 ΑΕ·
901 323 1001 409 λέγω,
1030 323 1083 390 ὅτι
1112 322 1164 391 ἐπ’

147 429 280 511 εὐθείας
304 430 394 499 ἐστὶν
417 428 438 517 ἡ
463 435 528 497 ΒΓ
546 434 585 518 vy}
610 436 681 497 ΓΕ.

212 536 302 605 Ἐπεὶ
334 537 399 626 γὰρ
432 536 644 624 παράλληλός
673 538 761 605 ἐστιν
793 534 814 622 v}
843 543 909 604 AB
937 539 976 624 vy}
1006 540 1083 620 AF,
1111 535 1168 602 καὶ

149 647 197 723 εἴς
219 641 324 723 αὐτὰς
347 645 556 730 ἐμπέπτωκεν
580 641 699 711 εὐθεῖα
726 639 747 729 ἡ
772 649 846 727 ΑΓ,
876 644 913 708 αἴ
934 640 1076 723 ἐναλλὰξ
1104 668 1167 727 γω-

116 756 221 819 δνίαι
244 752 282 817 αί
302 747 369 818 ὑπὸ
393 756 503 836 ΒΑΓ,
523 755 623 817 ΑΓΔ
642 758 712 816 ἴσαι
731 745 891 835 ἀλλήλαις
910 752 1004 816 είσίν.
1051 746 1108 815 διὰ
1127 746 1169 814 τὰ

148 856 232 926 αὐτὰ
267 856 309 944 δὴ
338 858 393 924 καὶ
425 853 446 942 ἡ
474 854 540 924 ὑπὸ
571 862 670 926 ΓΔΕ
694 859 734 944 vy}
764 853 829 923 ὑπὸ
855 861 954 924 ΑΓΔ
982 864 1036 942 ἴση
1067 857 1168 923 ἐσσί.

148 962 232 1033 ὥστε
259 964 315 1031 καί
344 960 454 1050 ἡὺπὸ
479 968 583 1030 ΒΑΓ
602 966 641 1051 vy}
670 959 735 1029 ὑπὸ
761 966 860 1028 ΓΑΕ
881 963 971 1030 ἐστιν
1000 971 1065 1048 ἴση.
1111 960 1168 1028 καὶ

149 1072 217 1139 ἐπεὶ
246 1069 309 1138 δύο
337 1068 485 1156 τρίγωννί
515 1071 584 1137 ἐστι
611 1067 651 1136 τὰ
676 1073 785 1152 ΑΒΓ,
806 1072 908 1134 ΔΓΕ
934 1073 1015 1155 μίαν
1037 1073 1169 1154 γωνίαν

147 1175 208 1263 τὴν
232 1175 316 1265 πρὸς
338 1181 385 1268 τῷ
409 1186 441 1243 Α
464 1179 523 1265 μιᾷ
547 1182 656 1265 γωνίᾳ
678 1178 718 1264 vy}
741 1173 826 1262 πρὸς
849 1177 894 1266 τῷ
919 1183 952 1242 Δ
976 1183 1053 1260 ἴσην
1077 1179 1170 1261 ἔχον-

101 1303 134 1351 10
151 1310 206 1368 τα,
235 1283 311 1371 περὶ
340 1282 378 1350 δὲ
399 1282 458 1362 τὰς
482 1290 556 1361 ἴσας
583 1288 709 1368 γωνίας
730 1282 789 1362 τὰς
817 1281 961 1371 πλευρὰς
984 1279 1168 1367 ἀνάλογον,

148 1387 193 1468 ὡς
215 1387 277 1473 νην
301 1395 368 1455 ΒΑ
391 1387 475 1477 πρὸς
497 1385 560 1474 τὴν
583 1394 659 1474 ΑΓ,
689 1388 795 1467 οὕτως
822 1387 885 1475 τὴν
909 1393 971 1455 ΓΑ
994 1386 1076 1475 πρὸς
1103 1386 1169 1474 τὴν

149 1500 230 1577 ΔΕ,
256 1493 439 1579 ἴσογαλνιον
462 1495 529 1582 ὐίρα
552 1495 621 1562 ἐστὶ
639 1493 677 1562 τὸ
698 1501 801 1563 ΑΒΓ
814 1497 982 1582 τρίγωνον
999 1498 1045 1585 τῷ
1065 1499 1172 1562 ΑΓΕ

146 1597 311 1690 τριγώνῳ·
337 1607 392 1685 ἴση
417 1600 483 1688 ἄρα
506 1597 527 1686 v}
551 1599 619 1668 ὑπὸ
644 1607 748 1668 ΑΒΓ
771 1605 877 1687 γωνία
900 1604 939 1690 vy}
964 1598 1029 1667 ὑπὸ
1055 1605 1167 1667 ΔΓΕ.

147 1705 282 1791 ἐδείχθη
316 1704 353 1772 δὲ
380 1707 436 1773 καὶ
463 1704 484 1792 ἡ
513 1705 578 1774 ὑπὸ
603 1713 703 1773 ΑΓΛ
725 1711 765 1795 vy}
794 1703 860 1774 ὑπὸ
884 1713 987 1774 ΒΑΓ
1007 1715 1075 1792 ἴση·
1104 1707 1167 1793 ὅλη

96 1807 213 1896 15ὐίρα
249 1811 270 1896 y}
303 1809 369 1879 ὑπὸ
401 1818 504 1879 ΑΓΕ
531 1813 609 1880 δνσὶ
641 1826 713 1892 ταῖς
744 1811 810 1881 ὑπὸ
844 1819 953 1898 ΑΒΓ,
977 1818 1082 1879 ΒΑΓ
1110 1821 1167 1899 ἴση

147 1916 246 1983 ἐστίν.
293 1916 390 2005 κοινὴ
419 1924 632 2008 προσκείσθω
661 1916 681 2005 ἡ
710 1916 776 1986 ὑπὸ
800 1924 912 1985 ΑΓΒ·
946 1921 982 1985 αἴ
1009 1917 1075 2005 ἄρα
1097 1917 1167 1988 ὑπὸ

145 2028 261 2110 ΑΓΕ,
280 2031 381 2093 ΑΓΒ
404 2039 476 2106 ταῖς
498 2025 565 2094 ὑπὸ
590 2031 699 2111 ΒΑΓ,
719 2031 833 2112 ΑΓΒ,
854 2031 953 2093 ΓΒΑ
976 2033 1046 2093 ἴσαι
1070 2029 1168 2093 εἴσίν.

146 2125 218 2197 ἀλλ’
251 2135 287 2198 αί
315 2131 381 2200 ὑπὸ
411 2138 522 2219 ΒΑΓ,
546 2137 655 2217 ΑΒΓ,
679 2137 777 2199 ΑΓΒ
812 2132 911 2199 ὐνσλν
941 2131 1063 2220 ὀρθαῖς
1096 2140 1167 2199 ἴσαι

146 2239 244 2304 είσίν·
269 2238 325 2305 καὶ
350 2242 386 2305 αἴ
407 2235 473 2306 ὐπὸ
498 2245 608 2324 ΑΓΕ,
627 2244 727 2306 ΑΓΒ
751 2236 816 2328 ἄρα
835 2239 934 2306 ὐνσλν
954 2235 1076 2326 ὀρθαῖς
1095 2247 1167 2306 ἴσαι

93 2363 128 2412 20
146 2345 239 2412 εἴσίν.
295 2341 378 2431 πρὸς
412 2345 455 2431 δή
486 2371 552 2413 τινι
587 2342 705 2435 εὐθείᾳ
736 2349 776 2434 vy}
809 2351 879 2413 AF
910 2346 966 2413 καὶ
998 2356 1043 2439 τῷ
1080 2343 1167 2431 πρὸς

144 2446 229 2538 αὐτῇ
262 2456 388 2543 σημείῳ
416 2454 461 2540 τῷ
492 2456 525 2517 Γ
548 2450 610 2518 δύο
643 2452 773 2519 εὐθεῖαι
801 2454 839 2518 αί
859 2457 932 2538 ΒΓ,
953 2457 1017 2519 ΓΕ
1042 2450 1086 2538 μὴ
1112 2453 1166 2520 ἐπὶ

144 2553 184 2622 τὰ
212 2555 312 2624 αὐτὰΙ
325 2558 408 2644 μέρη
435 2560 584 2641 κείμεναι
612 2555 672 2636 τὰς
701 2559 819 2643 ἐφεξῆς
851 2565 976 2643 γωνίας
1005 2555 1063 2637 τὰς
1095 2557 1164 2627 ὑπὸ

146 2667 178 2725 Α
185 2666 261 2745 ΓΕ,
281 2666 379 2728 ΑΓΒ
405 2660 504 2728 δυσὶν
524 2659 645 2748 ὀρθαῖς
664 2669 738 2742 ἴσας
757 2666 926 2731 ποιοῦσιν·
951 2661 1001 2730 ἐπ’
1028 2661 1166 2745 εὐθείας

144 2764 211 2851 ἄρα
234 2766 325 2832 ἐστὶν
347 2765 367 2851 ἡ
392 2771 458 2833 ΒΓ
471 2770 510 2855 vy}
531 2772 601 2835 ΓΕ.

93 2891 126 2940 25
209 2867 288 2936 Ἐὰν
312 2868 377 2960 ἄρα
400 2871 464 2940 ὃύο
487 2878 634 2959 τρίγωνα
658 2879 805 2964 συντεθῇ
824 2874 906 2943 κατὰ
930 2881 1011 2962 μίαν
1033 2883 1164 2962 γωνίαν

144 3016 359 3024 *—

217 3089 240 3137 3.
261 3083 333 3155 ΔΓ]
353 3088 441 3153 ΑΓφ
461 3088 529 3171 (vyon
546 3087 589 3174 F).
662 3093 687 3143 4.
707 3085 754 3212 αξ]
774 3089 874 3142 mutat.
893 3088 924 3142 in
942 3090 994 3143 καί
1009 3107 1046 3144 m.
1060 3106 1116 3146 rec.
1131 3091 1164 3160 F¹

144 3155 196 3207 καί
210 3172 237 3224 p.
312 3161 337 3212 5.
357 3156 453 3228 ΒΑΓ]
474 3153 566 3211 ἈΒΓ
591 3158 621 3212 F.
660 3157 715 3212 είσί
758 3177 785 3229 p.
859 3165 883 3213 6.
903 3161 999 3231 ΑΓΔ]
1019 3155 1117 3215 ’ἈΤΔ
1131 3163 1164 3218 F.

147 3220 221 3278 ἐστιν
242 3227 287 3293 ἴση
306 3225 340 3280 V.
397 3233 438 3282 10.
458 3225 513 3352 δέ]
530 3246 620 3299 comp.
641 3247 724 3299 supra
743 3248 780 3285 m.
801 3230 860 3284 1F.
918 3236 959 3287 11.
980 3231 1046 3302 BA]
1067 3238 1116 3286 AB
1131 3234 1163 3291 P.

144 3295 216 3379 ΑΓ]
235 3297 265 3349 in
283 3313 335 3350 ras.
356 3315 393 3350 m.
412 3315 466 3353 ree.
515 3304 591 3367 ,ΓΑ
609 3301 639 3354 F.
727 3307 769 3358 12.
790 3296 866 3356 ἐστίν
884 3301 916 3358 Ρ.
1003 3303 1108 3374 ΔΓΕ]
1127 3303 1163 3371 Ρ;

163 3370 188 3417 Δ
203 3369 257 3418 ΓΕ
276 3367 310 3432 Ες
332 3370 412 3420 ΓΔΕ
431 3368 477 3438 Bp
498 3371 527 3423 ελ
544 3371 574 3424 in
592 3388 644 3426 ras.
664 3389 701 3425 m.
716 3378 732 3426 2
748 3372 780 3427 V.
856 3378 897 3427 13.
918 3376 1003 3427 ΔΓΕ
1041 3376 1113 3428 ωνία
1127 3375 1163 3430 V.

182 3440 223 3491 14.
243 3437 338 3506 ΒΑΓ]
370 3442 420 3491 ΓΑ
447 3456 530 3509 supra
554 3458 605 3495 scr.
629 3448 650 3496 Β
670 3461 706 3498 m.
728 3450 741 3497 1
761 3444 791 3498 F.
884 3449 925 3500 15.
946 3446 991 3513 ἴση
1019 3392 1107 3517 ὐσσίν]
1130 3445 1164 3516 P,

145 3504 220 3560 Vm.
242 3513 265 3575 1,
287 3523 376 3576 comp.
395 3527 427 3577 p3
447 3511 492 3578 ἴση
512 3505 574 3566 ἐσσί
584 3513 647 3579 ΒΓ;
667 3516 726 3568 ἴσαι
740 3511 811 3568 είσίν
830 3515 856 3569 V
870 3533 906 3568 m.
923 3520 946 3570 2.
1005 3522 1047 3571 17.
1062 3518 1163 3590 ΒΑΓ]
