2446 3938
332 200 607 252 ELEMENTORUM
624 201 734 251 LIBER
751 201 799 253 IX.
1007 194 1071 261 367

19 368 23 375 ·
59 344 238 409 metiuntur
263 342 439 428 [V11‚20],
466 343 661 426 praecedens
691 342 935 426 praecedentem
966 346 999 407 et
1028 363 1076 406 se·

58 472 159 534 quens
184 454 379 534 sequentem.
426 452 537 535 itaque
560 452 592 515 E
613 470 784 513 numerum
807 454 840 513 A
862 448 1008 532 metitur,
1037 451 1075 512 ut

58 556 252 641 praecedens
275 557 530 640 praecedentem.
576 576 690 620 uerum
714 555 814 620 etiam
836 577 904 619 non
927 554 1076 639 metitum

59 663 144 747 quod
167 663 237 726 fieri
259 685 326 727 non
348 667 466 746 potest.
497 663 607 746 itaque
624 666 662 746 E,
676 667 709 725 A
732 661 819 726 inter
839 682 872 726 se
892 660 989 745 primi
1007 682 1076 726 non

59 772 142 833 sunt.
175 789 252 852 ergo
277 769 459 852 compositi.
491 768 692 851 compositos
713 771 822 832 autem
840 789 995 832 numerus
1015 766 1073 830 ali-

59 875 129 958 quis
157 875 291 939 metitur
319 874 398 956 [VII
418 873 481 939 def.
509 875 573 954 14].
620 896 636 939 e
683 873 837 958 quoniam
867 873 1074 958 suppositum

58 984 122 1065 est,
149 985 181 1045 E
201 983 343 1065 primum
367 1001 451 1066 esse,
478 981 620 1064 primum
645 984 754 1045 sutem
776 980 885 1045 nullus
909 979 992 1043 alius
1014 1002 1074 1044 nu·

57 1108 166 1151 merus
190 1088 323 1151 metitur
345 1092 473 1171 praeter
495 1088 604 1172 ipsum
629 1086 707 1167 [VII
730 1086 791 1150 def.
817 1087 886 1170 11],
909 1089 942 1149 Ε
962 1107 1074 1151 nume-

58 1213 112 1256 ros
139 1199 179 1275 A,
203 1197 235 1256 E
256 1193 395 1258 metitur.
431 1215 528 1278 quare
547 1197 579 1256 E
599 1213 769 1256 numerum
788 1197 820 1255 A
843 1191 987 1258 metitur.
1020 1215 1073 1256 ue-

58 1321 129 1362 rum
158 1299 258 1361 etiam
287 1303 320 1362 A
346 1321 515 1364 numerum
543 1295 715 1380 metitur.¹)
762 1317 840 1383 ergo
864 1301 896 1360 E
920 1320 1073 1362 numeros

59 1411 104 1488 A,
128 1410 161 1468 Δ
189 1405 330 1470 metitur.
376 1404 525 1469 similiter
553 1402 861 1485 demonstrabimus,
891 1404 1073 1488 quicunque

57 1512 156 1594 primi
184 1512 311 1577 numeri
338 1533 508 1576 numerum
537 1515 570 1574 A
597 1511 785 1594 metiantur,
815 1509 945 1574 eosdem
973 1510 1074 1574 etiam

59 1637 228 1680 numerum
244 1623 275 1681 A
293 1639 462 1682 mensuros
482 1638 566 1699 esse3
591 1617 676 1699 quod
696 1606 766 1680 ortt
779 1616 1072 1685 demonstrandum.

519 1808 610 1874 XIII.

125 1930 160 1995 Si
183 1932 343 2015 quotlibet
364 1933 491 1997 numeri
514 1933 555 2024 sb
574 1933 700 1996 unitate
719 1930 870 2016 deinceps
889 1935 1071 2017 proportio-

56 2037 147 2102 nales
171 2042 255 2122 sunt,
278 2042 311 2103 et
332 2039 451 2104 unitati
474 2039 639 2123 proximus
662 2039 786 2123 primus
809 2043 867 2118 est,
893 2040 1071 2103 maximum

56 2145 163 2209 nullus
190 2145 342 2210 metietur
368 2166 522 2210 numerus
544 2148 672 2228 praeter
695 2166 764 2228 eos,
794 2144 849 2230 qui
884 2145 971 2209 inter
997 2166 1071 2227 pro·

56 2251 256 2335 portionales
279 2256 417 2316 exstant.

126 2354 199 2420 Sint
222 2357 384 2440 quotlibet
405 2357 531 2421 numeri
554 2357 595 2421 ab
619 2357 744 2421 unitate
769 2355 918 2441 deinceps
937 2377 1071 2440 propor-

57 2463 196 2527 tionales
220 2468 264 2547 A,
287 2467 329 2546 Β,
353 2466 389 2547 Γ,
413 2469 461 2548 A,
489 2467 522 2528 et
549 2463 668 2527 unitati
695 2463 862 2546 proximus
885 2469 918 2527 A
944 2463 1069 2547 primus

58 2569 109 2633 sit.
155 2567 240 2653 dioc,
268 2569 443 2633 maximum
467 2591 579 2634 eorum
602 2573 635 2631 Λ
657 2569 770 2634 nullos
794 2570 876 2634 alios
899 2590 1070 2634 mensures

57 2697 127 2740 esse
149 2678 278 2759 praeter
300 2681 341 2760 A,
364 2678 401 2759 Β,
424 2677 460 2739 Γ.
507 2746 511 2750 ,

123 2803 197 2844 nam
228 2781 255 2844 si
277 2781 348 2845 fieri
372 2784 497 2864 potest,
524 2780 678 2845 metiatur
702 2803 856 2846 numerus
881 2786 925 2866 E,
954 2803 1017 2846 neu
1041 2784 1073 2844 E

129 2991 155 3058 1)
177 2990 296 3057 Propter
319 2987 502 3057 expositionis
524 3005 613 3058 genus
640 2992 682 3059 (p.
702 2995 768 3058 362,
784 2993 837 3060 22)
858 2991 945 3045 uerbo
967 2989 1016 3044 lin.
1039 2995 1069 3043 8:

56 3067 155 3186 iffi,
174 3057 205 3114 u
229 3059 278 3113 καὶ
295 3090 325 3098 -
343 3065 372 3114 9:
392 3065 492 3129 μετρεῖ
510 3076 684 3130 superuacua
702 3063 780 3128 sunt,
804 3061 834 3115 et
861 3061 980 3115 fortusse
1005 3060 1069 3114 sub-

63 3355 134 3416 dote
161 3360 225 3416 add.
249 3362 301 3414 καί
319 3359 349 3415 in
371 3377 417 3414 rae
440 3360 471 3414 Β.
545 3366 569 3416 9.
589 3361 655 3433 καί]
680 3379 766 3432 supro
783 3382 813 3430 φ.
885 3360 928 3432 Δ]
948 3362 1021 3432 (alt.)
1040 3362 1070 3417 in

61 3449 116 3488 ras.
136 3431 170 3488 V.
244 3438 284 3486 11.
305 3438 446 3502 μετρεῖται
464 3430 525 3500 ch.
600 3438 641 3487 16.
660 3428 758 3504 ἄλλον]
778 3450 832 3488 om.
851 3433 881 3488 P.
