<?xml version="1.0" encoding="UTF-8"?>
<!DOCTYPE html PUBLIC "-//W3C//DTD XHTML 1.0 Transitional//EN"
    "http://www.w3.org/TR/xhtml1/DTD/xhtml1-transitional.dtd">
<html xmlns="http://www.w3.org/1999/xhtml" xml:lang="en" lang="en">
 <head>
  <title>
</title>
<meta http-equiv="Content-Type" content="text/html;charset=utf-8" />
  <meta name='ocr-system' content='tesseract 3.04.00' />
  <meta name='ocr-capabilities' content='ocr_page ocr_carea ocr_par ocr_line ocrx_word'/>
</head>
<body>
  <div class='ocr_page' id='page_1' title='image "./euclidisoperaom19unkngoog_0233.png"; bbox 0 0 2446 3938; ppageno 0'>
   <div class='ocr_carea' id='block_1_1' title="bbox 144 179 779 250">
    <p class='ocr_par' dir='ltr' id='par_1_1' title="bbox 144 179 779 250">
     <span class='ocr_line' id='line_1_1' title="bbox 144 179 779 250; baseline 0 -14"><span class='ocrx_word' id='word_1_1' title='bbox 144 186 209 250; x_wconf 67' lang='grc' dir='ltr'><em>νος</em></span> <span class='ocrx_word' id='word_1_2' title='bbox 524 182 725 236; x_wconf 68' lang='lat' dir='ltr'><em>mommsen</em></span> <span class='ocrx_word' id='word_1_3' title='bbox 744 179 779 246; x_wconf 80' lang='grc' dir='ltr'><em>ς’.</em></span> 
     </span>
    </p>
   </div>
   <div class='ocr_carea' id='block_1_2' title="bbox 14 321 1166 1898">
    <p class='ocr_par' dir='ltr' id='par_1_2' title="bbox 14 321 1166 1898">
     <span class='ocr_line' id='line_1_2' title="bbox 143 321 1162 415; baseline -0.006 -19"><span class='ocrx_word' id='word_1_4' title='bbox 143 330 243 415; x_wconf 89' lang='grc' dir='ltr'><em>μέρος</em></span> <span class='ocrx_word' id='word_1_5' title='bbox 271 326 339 395; x_wconf 75' lang='grc' dir='ltr'><em>ἐστὶ</em></span> <span class='ocrx_word' id='word_1_6' title='bbox 367 325 423 392; x_wconf 79' lang='grc' dir='ltr'><em>καὶ</em></span> <span class='ocrx_word' id='word_1_7' title='bbox 452 321 469 392; x_wconf 91' lang='lat'><em>6</em></span> <span class='ocrx_word' id='word_1_8' title='bbox 495 333 529 391; x_wconf 96' lang='lat' dir='ltr'><em>A</em></span> <span class='ocrx_word' id='word_1_9' title='bbox 551 328 611 392; x_wconf 85' lang='grc' dir='ltr'><em>τοῦ</em></span> <span class='ocrx_word' id='word_1_10' title='bbox 635 331 713 410; x_wconf 99' lang='grc' dir='ltr'><em>ΕΖ,</em></span> <span class='ocrx_word' id='word_1_11' title='bbox 742 322 817 392; x_wconf 83' lang='grc' dir='ltr'><em>ὅσοι</em></span> <span class='ocrx_word' id='word_1_12' title='bbox 844 323 911 411; x_wconf 78' lang='grc' dir='ltr'><em>ἄρα</em></span> <span class='ocrx_word' id='word_1_13' title='bbox 939 324 1025 391; x_wconf 76' lang='grc' dir='ltr'><em>εἰσὶν</em></span> <span class='ocrx_word' id='word_1_14' title='bbox 1054 325 1091 392; x_wconf 84' lang='grc' dir='ltr'><em>έν</em></span> <span class='ocrx_word' id='word_1_15' title='bbox 1113 328 1162 415; x_wconf 75' lang='grc' dir='ltr'><em>τῷ</em></span> 
     </span>
     <span class='ocr_line' id='line_1_3' title="bbox 143 430 1163 522; baseline -0.005 -21"><span class='ocrx_word' id='word_1_16' title='bbox 143 439 209 501; x_wconf 91' lang='grc' dir='ltr'><em>ΒΓ</em></span> <span class='ocrx_word' id='word_1_17' title='bbox 229 430 371 520; x_wconf 80' lang='grc' dir='ltr'><em>ἀριθμοὶ</em></span> <span class='ocrx_word' id='word_1_18' title='bbox 395 438 463 498; x_wconf 79' lang='grc' dir='ltr'><em>έσοι</em></span> <span class='ocrx_word' id='word_1_19' title='bbox 485 435 530 522; x_wconf 79' lang='grc' dir='ltr'><em>τῷ</em></span> <span class='ocrx_word' id='word_1_20' title='bbox 556 439 601 516; x_wconf 97' lang='lat' dir='ltr'><em>A,</em></span> <span class='ocrx_word' id='word_1_21' title='bbox 625 435 785 498; x_wconf 85' lang='grc' dir='ltr'><em>τοσοῦτοί</em></span> <span class='ocrx_word' id='word_1_22' title='bbox 805 435 869 498; x_wconf 82' lang='grc' dir='ltr'><em>εἰσι</em></span> <span class='ocrx_word' id='word_1_23' title='bbox 892 430 947 497; x_wconf 84' lang='grc' dir='ltr'><em>καὶ</em></span> <span class='ocrx_word' id='word_1_24' title='bbox 972 433 1008 498; x_wconf 86' lang='grc' dir='ltr'><em>έν</em></span> <span class='ocrx_word' id='word_1_25' title='bbox 1031 434 1077 522; x_wconf 76' lang='grc' dir='ltr'><em>τῷ</em></span> <span class='ocrx_word' id='word_1_26' title='bbox 1098 437 1163 496; x_wconf 90' lang='grc' dir='ltr'><em>ΕΖ</em></span> 
     </span>
     <span class='ocr_line' id='line_1_4' title="bbox 142 533 1164 629; baseline -0.005 -23"><span class='ocrx_word' id='word_1_27' title='bbox 142 537 283 625; x_wconf 78' lang='grc' dir='ltr'><em>ἀριθμοὶ</em></span> <span class='ocrx_word' id='word_1_28' title='bbox 317 545 384 603; x_wconf 82' lang='grc' dir='ltr'><em>έσοι</em></span> <span class='ocrx_word' id='word_1_29' title='bbox 410 540 456 629; x_wconf 76' lang='grc' dir='ltr'><em>τῷ</em></span> <span class='ocrx_word' id='word_1_30' title='bbox 486 544 526 604; x_wconf 96' lang='lat' dir='ltr'><em>A.</em></span> <span class='ocrx_word' id='word_1_31' title='bbox 574 535 750 624; x_wconf 78' lang='grc' dir='ltr'><em>διῃρήσθω</em></span> <span class='ocrx_word' id='word_1_32' title='bbox 779 533 797 603; x_wconf 92' lang='lat'><em>6</em></span> <span class='ocrx_word' id='word_1_33' title='bbox 826 535 887 622; x_wconf 71' lang='grc' dir='ltr'><em>μὲν</em></span> <span class='ocrx_word' id='word_1_34' title='bbox 916 542 982 604; x_wconf 88' lang='grc' dir='ltr'><em>ΒΓ</em></span> <span class='ocrx_word' id='word_1_35' title='bbox 1006 541 1053 614; x_wconf 80' lang='grc' dir='ltr'><em>εἰς</em></span> <span class='ocrx_word' id='word_1_36' title='bbox 1081 535 1164 614; x_wconf 86' lang='grc' dir='ltr'><em>τοὺς</em></span> 
     </span>
     <span class='ocr_line' id='line_1_5' title="bbox 141 639 1163 735; baseline -0.002 -24"><span class='ocrx_word' id='word_1_37' title='bbox 141 648 187 735; x_wconf 74' lang='grc' dir='ltr'><em>τῷ</em></span> <span class='ocrx_word' id='word_1_38' title='bbox 211 642 243 711; x_wconf 87' lang='lat' dir='ltr'><em>A</em></span> <span class='ocrx_word' id='word_1_39' title='bbox 266 651 360 722; x_wconf 74' lang='grc' dir='ltr'><em>ἴσους</em></span> <span class='ocrx_word' id='word_1_40' title='bbox 382 668 462 723; x_wconf 83' lang='grc' dir='ltr'><em>τους</em></span> <span class='ocrx_word' id='word_1_41' title='bbox 486 649 569 728; x_wconf 89' lang='grc' dir='ltr'><em>ΒΗ,</em></span> <span class='ocrx_word' id='word_1_42' title='bbox 588 649 670 728; x_wconf 89' lang='grc' dir='ltr'><em>ΗΓ,</em></span> <span class='ocrx_word' id='word_1_43' title='bbox 700 639 717 709; x_wconf 97' lang='lat'><em>6</em></span> <span class='ocrx_word' id='word_1_44' title='bbox 744 642 782 710; x_wconf 74' lang='grc' dir='ltr'><em>δὲ</em></span> <span class='ocrx_word' id='word_1_45' title='bbox 804 649 867 708; x_wconf 89' lang='grc' dir='ltr'><em>ΕΖ</em></span> <span class='ocrx_word' id='word_1_46' title='bbox 891 646 938 722; x_wconf 79' lang='grc' dir='ltr'><em>εἰς</em></span> <span class='ocrx_word' id='word_1_47' title='bbox 960 641 1039 722; x_wconf 84' lang='grc' dir='ltr'><em>τοὺς</em></span> <span class='ocrx_word' id='word_1_48' title='bbox 1061 647 1108 733; x_wconf 74' lang='grc' dir='ltr'><em>τῷ</em></span> <span class='ocrx_word' id='word_1_49' title='bbox 1129 650 1163 709; x_wconf 95' lang='lat' dir='ltr'><em>A</em></span> 
     </span>
     <span class='ocr_line' id='line_1_6' title="bbox 107 747 1162 835; baseline -0.002 -17"><span class='ocrx_word' id='word_1_50' title='bbox 107 759 237 830; x_wconf 68' lang='lat'><em>566063</em></span> <span class='ocrx_word' id='word_1_51' title='bbox 264 747 343 829; x_wconf 82' lang='grc' dir='ltr'><em>τοὺς</em></span> <span class='ocrx_word' id='word_1_52' title='bbox 369 756 447 835; x_wconf 91' lang='grc' dir='ltr'><em>ΕΘ,</em></span> <span class='ocrx_word' id='word_1_53' title='bbox 467 756 541 815; x_wconf 92' lang='grc' dir='ltr'><em>ΘΖ·</em></span> <span class='ocrx_word' id='word_1_54' title='bbox 575 753 665 815; x_wconf 71' lang='grc' dir='ltr'><em>ἔσται</em></span> <span class='ocrx_word' id='word_1_55' title='bbox 694 748 736 833; x_wconf 75' lang='lat'><em>661</em></span> <span class='ocrx_word' id='word_1_56' title='bbox 766 757 842 816; x_wconf 71' lang='grc' dir='ltr'><em>ἴσον</em></span> <span class='ocrx_word' id='word_1_57' title='bbox 868 748 906 816; x_wconf 87' lang='grc' dir='ltr'><em>τὸ</em></span> <span class='ocrx_word' id='word_1_58' title='bbox 934 753 1065 835; x_wconf 77' lang='grc' dir='ltr'><em>πλῆθος</em></span> <span class='ocrx_word' id='word_1_59' title='bbox 1092 753 1162 817; x_wconf 71' lang='grc' dir='ltr'><em>τοῖν</em></span> 
     </span>
     <span class='ocr_line' id='line_1_7' title="bbox 142 854 1163 945; baseline -0.001 -21"><span class='ocrx_word' id='word_1_60' title='bbox 142 863 224 942; x_wconf 89' lang='grc' dir='ltr'><em>ΒΗ,</em></span> <span class='ocrx_word' id='word_1_61' title='bbox 250 863 319 923; x_wconf 89' lang='grc' dir='ltr'><em>ΗΓ</em></span> <span class='ocrx_word' id='word_1_62' title='bbox 347 860 392 945; x_wconf 76' lang='grc' dir='ltr'><em>τῷ</em></span> <span class='ocrx_word' id='word_1_63' title='bbox 425 854 548 942; x_wconf 71' lang='grc' dir='ltr'><em>πλήθει</em></span> <span class='ocrx_word' id='word_1_64' title='bbox 581 859 648 922; x_wconf 77' lang='grc' dir='ltr'><em>τῶν</em></span> <span class='ocrx_word' id='word_1_65' title='bbox 678 861 754 938; x_wconf 92' lang='grc' dir='ltr'><em>ΕΘ,</em></span> <span class='ocrx_word' id='word_1_66' title='bbox 773 861 843 922; x_wconf 93' lang='grc' dir='ltr'><em>ΘΖ.</em></span> <span class='ocrx_word' id='word_1_67' title='bbox 897 855 953 922; x_wconf 82' lang='grc' dir='ltr'><em>καὶ</em></span> <span class='ocrx_word' id='word_1_68' title='bbox 986 857 1056 923; x_wconf 80' lang='grc' dir='ltr'><em>ἐπεὶ</em></span> <span class='ocrx_word' id='word_1_69' title='bbox 1089 864 1163 935; x_wconf 78' lang='grc' dir='ltr'><em>ἴσος</em></span> 
     </span>
     <span class='ocr_line' id='line_1_8' title="bbox 142 959 1162 1054; baseline 0.001 -26"><span class='ocrx_word' id='word_1_70' title='bbox 142 962 234 1029; x_wconf 83' lang='grc' dir='ltr'><em>ἐστὶν</em></span> <span class='ocrx_word' id='word_1_71' title='bbox 257 959 275 1028; x_wconf 92' lang='lat'><em>6</em></span> <span class='ocrx_word' id='word_1_72' title='bbox 300 962 360 1048; x_wconf 72' lang='grc' dir='ltr'><em>μὲν</em></span> <span class='ocrx_word' id='word_1_73' title='bbox 383 968 458 1028; x_wconf 91' lang='grc' dir='ltr'><em>ΒΗ</em></span> <span class='ocrx_word' id='word_1_74' title='bbox 473 966 519 1054; x_wconf 76' lang='grc' dir='ltr'><em>τῷ</em></span> <span class='ocrx_word' id='word_1_75' title='bbox 543 971 590 1047; x_wconf 90' lang='lat' dir='ltr'><em>A,</em></span> <span class='ocrx_word' id='word_1_76' title='bbox 618 961 636 1029; x_wconf 96' lang='lat'><em>6</em></span> <span class='ocrx_word' id='word_1_77' title='bbox 662 959 699 1028; x_wconf 71' lang='grc' dir='ltr'><em>δὲ</em></span> <span class='ocrx_word' id='word_1_78' title='bbox 723 968 785 1028; x_wconf 88' lang='grc' dir='ltr'><em>ΕΘ</em></span> <span class='ocrx_word' id='word_1_79' title='bbox 808 965 853 1051; x_wconf 76' lang='grc' dir='ltr'><em>τῷ</em></span> <span class='ocrx_word' id='word_1_80' title='bbox 878 968 921 1046; x_wconf 94' lang='lat' dir='ltr'><em>A,</em></span> <span class='ocrx_word' id='word_1_81' title='bbox 944 962 1000 1028; x_wconf 84' lang='grc' dir='ltr'><em>καὶ</em></span> <span class='ocrx_word' id='word_1_82' title='bbox 1024 964 1059 1028; x_wconf 75' lang='grc' dir='ltr'><em>οἱ</em></span> <span class='ocrx_word' id='word_1_83' title='bbox 1079 969 1162 1049; x_wconf 89' lang='grc' dir='ltr'><em>ΒΗ,</em></span> 
     </span>
     <span class='ocr_line' id='line_1_9' title="bbox 142 1063 1164 1154; baseline 0.001 -19"><span class='ocrx_word' id='word_1_84' title='bbox 142 1075 205 1135; x_wconf 89' lang='grc' dir='ltr'><em>ΕΘ</em></span> <span class='ocrx_word' id='word_1_85' title='bbox 237 1066 303 1154; x_wconf 76' lang='grc' dir='ltr'><em>ἄρα</em></span> <span class='ocrx_word' id='word_1_86' title='bbox 335 1081 404 1147; x_wconf 81' lang='grc' dir='ltr'><em>τοῖς</em></span> <span class='ocrx_word' id='word_1_87' title='bbox 432 1076 478 1153; x_wconf 92' lang='grc' dir='ltr'><em>Α,</em></span> <span class='ocrx_word' id='word_1_88' title='bbox 499 1077 532 1134; x_wconf 97' lang='lat' dir='ltr'><em>A</em></span> <span class='ocrx_word' id='word_1_89' title='bbox 560 1076 637 1136; x_wconf 78' lang='grc' dir='ltr'><em>έσοι.</em></span> <span class='ocrx_word' id='word_1_90' title='bbox 689 1066 746 1134; x_wconf 69' lang='lat' dir='ltr'><em>ne</em></span> <span class='ocrx_word' id='word_1_91' title='bbox 778 1067 819 1134; x_wconf 83' lang='grc' dir='ltr'><em>τὰ</em></span> <span class='ocrx_word' id='word_1_92' title='bbox 851 1063 937 1134; x_wconf 73' lang='grc' dir='ltr'><em>αὐτοὶ</em></span> <span class='ocrx_word' id='word_1_93' title='bbox 968 1065 1010 1153; x_wconf 76' lang='grc' dir='ltr'><em>δὴ</em></span> <span class='ocrx_word' id='word_1_94' title='bbox 1042 1069 1099 1135; x_wconf 80' lang='grc' dir='ltr'><em>καὶ</em></span> <span class='ocrx_word' id='word_1_95' title='bbox 1118 1073 1164 1136; x_wconf 81' lang='grc' dir='ltr'><em>.οέ</em></span> 
     </span>
     <span class='ocr_line' id='line_1_10' title="bbox 142 1171 1166 1265; baseline 0.001 -23"><span class='ocrx_word' id='word_1_96' title='bbox 142 1180 223 1259; x_wconf 88' lang='grc' dir='ltr'><em>ΗΓ,</em></span> <span class='ocrx_word' id='word_1_97' title='bbox 242 1181 304 1242; x_wconf 90' lang='grc' dir='ltr'><em>ΘΖ</em></span> <span class='ocrx_word' id='word_1_98' title='bbox 335 1187 407 1253; x_wconf 79' lang='grc' dir='ltr'><em>τοῖς</em></span> <span class='ocrx_word' id='word_1_99' title='bbox 438 1183 484 1259; x_wconf 89' lang='lat' dir='ltr'><em>A,</em></span> <span class='ocrx_word' id='word_1_100' title='bbox 505 1181 546 1240; x_wconf 95' lang='lat' dir='ltr'><em>A.</em></span> <span class='ocrx_word' id='word_1_101' title='bbox 601 1171 676 1240; x_wconf 84' lang='grc' dir='ltr'><em>ὅσοι</em></span> <span class='ocrx_word' id='word_1_102' title='bbox 709 1171 776 1260; x_wconf 72' lang='grc' dir='ltr'><em>ἄρα</em></span> <span class='ocrx_word' id='word_1_103' title='bbox 809 1173 922 1259; x_wconf 78' lang='grc' dir='ltr'><em>[εἰσὶν]</em></span> <span class='ocrx_word' id='word_1_104' title='bbox 955 1175 991 1240; x_wconf 90' lang='grc' dir='ltr'><em>έν</em></span> <span class='ocrx_word' id='word_1_105' title='bbox 1023 1178 1069 1265; x_wconf 76' lang='grc' dir='ltr'><em>τῷ</em></span> <span class='ocrx_word' id='word_1_106' title='bbox 1099 1182 1166 1243; x_wconf 89' lang='grc' dir='ltr'><em>ΒΓ</em></span> 
     </span>
     <span class='ocr_line' id='line_1_11' title="bbox 91 1279 1161 1369; baseline 0.002 -22"><span class='ocrx_word' id='word_1_107' title='bbox 91 1311 124 1359; x_wconf 90' lang='lat'><em>10</em></span> <span class='ocrx_word' id='word_1_108' title='bbox 144 1279 286 1367; x_wconf 77' lang='grc' dir='ltr'><em>ἀριθμοὶ</em></span> <span class='ocrx_word' id='word_1_109' title='bbox 314 1289 382 1348; x_wconf 76' lang='grc' dir='ltr'><em>ι’σοι</em></span> <span class='ocrx_word' id='word_1_110' title='bbox 409 1284 454 1369; x_wconf 77' lang='grc' dir='ltr'><em>τῷ</em></span> <span class='ocrx_word' id='word_1_111' title='bbox 484 1288 530 1364; x_wconf 90' lang='lat' dir='ltr'><em>A,</em></span> <span class='ocrx_word' id='word_1_112' title='bbox 563 1285 725 1347; x_wconf 83' lang='grc' dir='ltr'><em>τοσοῦτοί</em></span> <span class='ocrx_word' id='word_1_113' title='bbox 752 1284 816 1347; x_wconf 81' lang='grc' dir='ltr'><em>εἰσι</em></span> <span class='ocrx_word' id='word_1_114' title='bbox 845 1280 901 1347; x_wconf 79' lang='grc' dir='ltr'><em>καὶ</em></span> <span class='ocrx_word' id='word_1_115' title='bbox 929 1282 966 1347; x_wconf 82' lang='grc' dir='ltr'><em>ἐν</em></span> <span class='ocrx_word' id='word_1_116' title='bbox 994 1295 1064 1360; x_wconf 86' lang='grc' dir='ltr'><em>τοῖς</em></span> <span class='ocrx_word' id='word_1_117' title='bbox 1086 1288 1161 1365; x_wconf 91' lang='grc' dir='ltr'><em>ΒΓ,</em></span> 
     </span>
     <span class='ocr_line' id='line_1_12' title="bbox 143 1382 1165 1472; baseline 0.003 -20"><span class='ocrx_word' id='word_1_118' title='bbox 143 1382 301 1454; x_wconf 76' lang='grc' dir='ltr'><em>ΕΖέσοι</em></span> <span class='ocrx_word' id='word_1_119' title='bbox 328 1399 398 1465; x_wconf 79' lang='grc' dir='ltr'><em>τοῖς</em></span> <span class='ocrx_word' id='word_1_120' title='bbox 424 1394 471 1471; x_wconf 91' lang='lat' dir='ltr'><em>A,</em></span> <span class='ocrx_word' id='word_1_121' title='bbox 492 1392 532 1452; x_wconf 93' lang='lat' dir='ltr'><em>A.</em></span> <span class='ocrx_word' id='word_1_122' title='bbox 584 1382 799 1453; x_wconf 74' lang='grc' dir='ltr'><em>ὁσαπλασίων</em></span> <span class='ocrx_word' id='word_1_123' title='bbox 831 1384 898 1472; x_wconf 80' lang='grc' dir='ltr'><em>όῖρα</em></span> <span class='ocrx_word' id='word_1_124' title='bbox 931 1387 1021 1454; x_wconf 79' lang='grc' dir='ltr'><em>ἐστὶν</em></span> <span class='ocrx_word' id='word_1_125' title='bbox 1050 1387 1068 1454; x_wconf 89' lang='grc' dir='ltr'>ὁ</span> <span class='ocrx_word' id='word_1_126' title='bbox 1097 1395 1165 1455; x_wconf 92' lang='grc' dir='ltr'><em>ΒΓ</em></span> 
     </span>
     <span class='ocr_line' id='line_1_13' title="bbox 142 1491 1158 1580; baseline 0.002 -21"><span class='ocrx_word' id='word_1_127' title='bbox 142 1497 203 1559; x_wconf 83' lang='grc' dir='ltr'><em>τοῦ</em></span> <span class='ocrx_word' id='word_1_128' title='bbox 236 1502 281 1576; x_wconf 92' lang='lat' dir='ltr'><em>A,</em></span> <span class='ocrx_word' id='word_1_129' title='bbox 318 1496 615 1558; x_wconf 81' lang='grc' dir='ltr'><em>τοσαυταπλασίων</em></span> <span class='ocrx_word' id='word_1_130' title='bbox 648 1491 717 1559; x_wconf 81' lang='grc' dir='ltr'><em>ἐστὶ</em></span> <span class='ocrx_word' id='word_1_131' title='bbox 753 1493 809 1558; x_wconf 78' lang='grc' dir='ltr'><em>καὶ</em></span> <span class='ocrx_word' id='word_1_132' title='bbox 847 1492 1101 1580; x_wconf 81' lang='grc' dir='ltr'><em>συναμφότερος</em></span> <span class='ocrx_word' id='word_1_133' title='bbox 1139 1494 1158 1561; x_wconf 89' lang='lat'><em>6</em></span> 
     </span>
     <span class='ocr_line' id='line_1_14' title="bbox 14 1585 1160 1686; baseline 0.004 -23"><span class='ocrx_word' id='word_1_134' title='bbox 14 1659 35 1674; x_wconf 36' lang='grc' dir='ltr'><em>ν</em></span> <span class='ocrx_word' id='word_1_135' title='bbox 104 1638 107 1645; x_wconf 85' lang='lat'>-</span> <span class='ocrx_word' id='word_1_136' title='bbox 143 1604 219 1682; x_wconf 89' lang='grc' dir='ltr'><em>ΒΓ,</em></span> <span class='ocrx_word' id='word_1_137' title='bbox 239 1605 301 1664; x_wconf 89' lang='grc' dir='ltr'><em>ΕΖ</em></span> <span class='ocrx_word' id='word_1_138' title='bbox 321 1599 578 1684; x_wconf 80' lang='grc' dir='ltr'><em>συναμφοτέρου</em></span> <span class='ocrx_word' id='word_1_139' title='bbox 595 1601 657 1666; x_wconf 81' lang='grc' dir='ltr'><em>τοῦ</em></span> <span class='ocrx_word' id='word_1_140' title='bbox 678 1607 719 1684; x_wconf 91' lang='lat' dir='ltr'><em>A,</em></span> <span class='ocrx_word' id='word_1_141' title='bbox 739 1606 780 1665; x_wconf 95' lang='lat' dir='ltr'><em>A.</em></span> <span class='ocrx_word' id='word_1_142' title='bbox 816 1585 928 1686; x_wconf 45' lang='grc' dir='ltr'><em>(δόρυ</em></span> <span class='ocrx_word' id='word_1_143' title='bbox 951 1601 1050 1686; x_wconf 87' lang='grc' dir='ltr'><em>μέρος</em></span> <span class='ocrx_word' id='word_1_144' title='bbox 1068 1601 1160 1668; x_wconf 80' lang='grc' dir='ltr'><em>ἐστὶν</em></span> 
     </span>
     <span class='ocr_line' id='line_1_15' title="bbox 144 1699 1161 1793; baseline 0.003 -23"><span class='ocrx_word' id='word_1_145' title='bbox 144 1700 161 1770; x_wconf 95' lang='lat'><em>6</em></span> <span class='ocrx_word' id='word_1_146' title='bbox 186 1711 218 1769; x_wconf 89' lang='lat' dir='ltr'><em>A</em></span> <span class='ocrx_word' id='word_1_147' title='bbox 241 1707 302 1770; x_wconf 83' lang='grc' dir='ltr'><em>τοῦ</em></span> <span class='ocrx_word' id='word_1_148' title='bbox 324 1709 401 1788; x_wconf 88' lang='grc' dir='ltr'><em>ΒΓ,</em></span> <span class='ocrx_word' id='word_1_149' title='bbox 429 1700 468 1769; x_wconf 88' lang='grc' dir='ltr'><em>τὸ</em></span> <span class='ocrx_word' id='word_1_150' title='bbox 497 1699 579 1770; x_wconf 78' lang='grc' dir='ltr'><em>αὐτὸ</em></span> <span class='ocrx_word' id='word_1_151' title='bbox 608 1704 707 1790; x_wconf 83' lang='grc' dir='ltr'><em>μέρος</em></span> <span class='ocrx_word' id='word_1_152' title='bbox 731 1704 800 1772; x_wconf 81' lang='grc' dir='ltr'><em>ἐστὶ</em></span> <span class='ocrx_word' id='word_1_153' title='bbox 826 1703 883 1770; x_wconf 81' lang='grc' dir='ltr'><em>καὶ</em></span> <span class='ocrx_word' id='word_1_154' title='bbox 906 1704 1161 1793; x_wconf 82' lang='grc' dir='ltr'><em>συναμφότερος</em></span> 
     </span>
     <span class='ocr_line' id='line_1_16' title="bbox 91 1806 1161 1898; baseline 0.003 -21"><span class='ocrx_word' id='word_1_155' title='bbox 91 1838 123 1886; x_wconf 79' lang='lat'><em>15</em></span> <span class='ocrx_word' id='word_1_156' title='bbox 143 1806 161 1877; x_wconf 93' lang='lat'><em>6</em></span> <span class='ocrx_word' id='word_1_157' title='bbox 185 1818 227 1894; x_wconf 93' lang='lat' dir='ltr'><em>A,</em></span> <span class='ocrx_word' id='word_1_158' title='bbox 248 1817 281 1875; x_wconf 97' lang='lat' dir='ltr'><em>A</em></span> <span class='ocrx_word' id='word_1_159' title='bbox 304 1811 562 1895; x_wconf 82' lang='grc' dir='ltr'><em>συναμφοτέρου</em></span> <span class='ocrx_word' id='word_1_160' title='bbox 584 1813 646 1877; x_wconf 84' lang='grc' dir='ltr'><em>τοῦ</em></span> <span class='ocrx_word' id='word_1_161' title='bbox 665 1816 738 1896; x_wconf 89' lang='grc' dir='ltr'><em>ΒΓ,</em></span> <span class='ocrx_word' id='word_1_162' title='bbox 757 1817 833 1877; x_wconf 90' lang='grc' dir='ltr'><em>ΕΖ·</em></span> <span class='ocrx_word' id='word_1_163' title='bbox 856 1808 937 1898; x_wconf 74' lang='grc' dir='ltr'><em>ὅπερ</em></span> <span class='ocrx_word' id='word_1_164' title='bbox 958 1815 1024 1878; x_wconf 79' lang='grc' dir='ltr'><em>ἔδει</em></span> <span class='ocrx_word' id='word_1_165' title='bbox 1044 1815 1161 1893; x_wconf 78' lang='grc' dir='ltr'><em>δεῖξαι.</em></span> 
     </span>
    </p>
   </div>
   <div class='ocr_carea' id='block_1_3' title="bbox 631 2003 673 2076">
    <p class='ocr_par' dir='ltr' id='par_1_3' title="bbox 631 2003 673 2076">
     <span class='ocr_line' id='line_1_17' title="bbox 631 2003 673 2076; baseline -0.048 0"><span class='ocrx_word' id='word_1_166' title='bbox 631 2003 673 2076; x_wconf 78' lang='grc' dir='ltr'><em>ς’.</em></span> 
     </span>
    </p>
   </div>
   <div class='ocr_carea' id='block_1_4' title="bbox 89 2120 1163 2852">
    <p class='ocr_par' dir='ltr' id='par_1_4' title="bbox 142 2120 1161 2428">
     <span class='ocr_line' id='line_1_18' title="bbox 205 2120 1161 2216; baseline 0.001 -20"><span class='ocrx_word' id='word_1_167' title='bbox 205 2126 294 2196; x_wconf 81' lang='grc' dir='ltr'><em>Ἐὰν</em></span> <span class='ocrx_word' id='word_1_168' title='bbox 327 2126 501 2215; x_wconf 74' lang='grc' dir='ltr'><em>ἀριθμὸς</em></span> <span class='ocrx_word' id='word_1_169' title='bbox 529 2126 708 2216; x_wconf 76' lang='grc' dir='ltr'><em>ἀριθμοῦ</em></span> <span class='ocrx_word' id='word_1_170' title='bbox 738 2129 832 2215; x_wconf 84' lang='grc' dir='ltr'><em>μέρη</em></span> <span class='ocrx_word' id='word_1_171' title='bbox 865 2120 902 2216; x_wconf 79' lang='grc' dir='ltr'><em>ᾖ,</em></span> <span class='ocrx_word' id='word_1_172' title='bbox 931 2129 995 2195; x_wconf 84' lang='grc' dir='ltr'><em>καὶ</em></span> <span class='ocrx_word' id='word_1_173' title='bbox 1023 2130 1161 2216; x_wconf 78' lang='grc' dir='ltr'><em>ἕτερος</em></span> 
     </span>
     <span class='ocr_line' id='line_1_19' title="bbox 142 2227 1161 2323; baseline 0.004 -22"><span class='ocrx_word' id='word_1_174' title='bbox 142 2235 280 2320; x_wconf 80' lang='grc' dir='ltr'><em>ἑτέρου</em></span> <span class='ocrx_word' id='word_1_175' title='bbox 298 2233 342 2302; x_wconf 84' lang='grc' dir='ltr'><em>τόι</em></span> <span class='ocrx_word' id='word_1_176' title='bbox 363 2231 461 2302; x_wconf 84' lang='grc' dir='ltr'><em>αὐτὰ</em></span> <span class='ocrx_word' id='word_1_177' title='bbox 486 2236 583 2321; x_wconf 84' lang='grc' dir='ltr'><em>μέρη</em></span> <span class='ocrx_word' id='word_1_178' title='bbox 602 2227 640 2323; x_wconf 77' lang='grc' dir='ltr'><em>ᾖ,</em></span> <span class='ocrx_word' id='word_1_179' title='bbox 664 2235 730 2302; x_wconf 83' lang='grc' dir='ltr'><em>καὶ</em></span> <span class='ocrx_word' id='word_1_180' title='bbox 750 2233 1051 2322; x_wconf 86' lang='grc' dir='ltr'><em>συναμφότερος</em></span> <span class='ocrx_word' id='word_1_181' title='bbox 1070 2255 1161 2305; x_wconf 85' lang='grc' dir='ltr'><em>συν·</em></span> 
     </span>
     <span class='ocr_line' id='line_1_20' title="bbox 142 2337 1160 2428; baseline 0.003 -21"><span class='ocrx_word' id='word_1_182' title='bbox 142 2342 368 2428; x_wconf 83' lang='grc' dir='ltr'><em>αμφοτέρου</em></span> <span class='ocrx_word' id='word_1_183' title='bbox 405 2338 448 2408; x_wconf 87' lang='grc' dir='ltr'><em>τόι</em></span> <span class='ocrx_word' id='word_1_184' title='bbox 488 2337 585 2407; x_wconf 81' lang='grc' dir='ltr'><em>αὐτοὶ</em></span> <span class='ocrx_word' id='word_1_185' title='bbox 624 2341 718 2427; x_wconf 81' lang='grc' dir='ltr'><em>μέρη</em></span> <span class='ocrx_word' id='word_1_186' title='bbox 757 2344 880 2425; x_wconf 80' lang='grc' dir='ltr'><em>ἔσται,</em></span> <span class='ocrx_word' id='word_1_187' title='bbox 919 2337 1013 2428; x_wconf 81' lang='grc' dir='ltr'><em>ὅπερ</em></span> <span class='ocrx_word' id='word_1_188' title='bbox 1047 2338 1066 2408; x_wconf 88' lang='lat'><em>6</em></span> <span class='ocrx_word' id='word_1_189' title='bbox 1101 2338 1160 2423; x_wconf 85' lang='grc' dir='ltr'><em>εἷς</em></span> 
     </span>
    </p>

    <p class='ocr_par' dir='ltr' id='par_1_5' title="bbox 89 2446 332 2526">
     <span class='ocr_line' id='line_1_21' title="bbox 89 2446 332 2526; baseline 0.004 -13"><span class='ocrx_word' id='word_1_190' title='bbox 89 2474 124 2523; x_wconf 81' lang='lat'><em>20</em></span> <span class='ocrx_word' id='word_1_191' title='bbox 141 2452 212 2515; x_wconf 82' lang='grc' dir='ltr'><em>τοῦ</em></span> <span class='ocrx_word' id='word_1_192' title='bbox 236 2446 332 2526; x_wconf 81' lang='grc' dir='ltr'><em>ἑνός.</em></span> 
     </span>
    </p>

    <p class='ocr_par' dir='ltr' id='par_1_6' title="bbox 141 2551 1163 2852">
     <span class='ocr_line' id='line_1_22' title="bbox 205 2551 1158 2643; baseline 0.001 -22"><span class='ocrx_word' id='word_1_193' title='bbox 205 2552 365 2640; x_wconf 76' lang='grc' dir='ltr'><em>Ἀριθμὸς</em></span> <span class='ocrx_word' id='word_1_194' title='bbox 396 2551 460 2640; x_wconf 78' lang='grc' dir='ltr'><em>γὰρ</em></span> <span class='ocrx_word' id='word_1_195' title='bbox 490 2553 508 2621; x_wconf 92' lang='lat'><em>6</em></span> <span class='ocrx_word' id='word_1_196' title='bbox 537 2562 602 2621; x_wconf 89' lang='lat' dir='ltr'><em>AB</em></span> <span class='ocrx_word' id='word_1_197' title='bbox 631 2551 782 2641; x_wconf 78' lang='grc' dir='ltr'><em>ἀριθμοῦ</em></span> <span class='ocrx_word' id='word_1_198' title='bbox 809 2558 870 2619; x_wconf 83' lang='grc' dir='ltr'><em>τοῦ</em></span> <span class='ocrx_word' id='word_1_199' title='bbox 898 2557 930 2619; x_wconf 91' lang='grc' dir='ltr'>Γ</span> <span class='ocrx_word' id='word_1_200' title='bbox 953 2554 1035 2640; x_wconf 78' lang='grc' dir='ltr'><em>μέρη</em></span> <span class='ocrx_word' id='word_1_201' title='bbox 1060 2559 1158 2643; x_wconf 81' lang='grc' dir='ltr'><em>ἔστω,</em></span> 
     </span>
     <span class='ocr_line' id='line_1_23' title="bbox 141 2654 1160 2747; baseline 0 -20"><span class='ocrx_word' id='word_1_202' title='bbox 141 2661 197 2728; x_wconf 83' lang='grc' dir='ltr'><em>καὶ</em></span> <span class='ocrx_word' id='word_1_203' title='bbox 221 2662 331 2745; x_wconf 78' lang='grc' dir='ltr'><em>ἕτερος</em></span> <span class='ocrx_word' id='word_1_204' title='bbox 355 2657 373 2727; x_wconf 92' lang='lat'><em>6</em></span> <span class='ocrx_word' id='word_1_205' title='bbox 399 2666 468 2726; x_wconf 91' lang='grc' dir='ltr'><em>ΔΕ</em></span> <span class='ocrx_word' id='word_1_206' title='bbox 490 2660 605 2745; x_wconf 79' lang='grc' dir='ltr'><em>ἑτέρου</em></span> <span class='ocrx_word' id='word_1_207' title='bbox 627 2664 689 2727; x_wconf 81' lang='grc' dir='ltr'><em>τοῦ</em></span> <span class='ocrx_word' id='word_1_208' title='bbox 713 2666 740 2725; x_wconf 94' lang='grc' dir='ltr'>Ζ</span> <span class='ocrx_word' id='word_1_209' title='bbox 764 2656 805 2724; x_wconf 83' lang='grc' dir='ltr'><em>τὰ</em></span> <span class='ocrx_word' id='word_1_210' title='bbox 833 2654 918 2725; x_wconf 82' lang='grc' dir='ltr'><em>αὐτὰ</em></span> <span class='ocrx_word' id='word_1_211' title='bbox 946 2661 1044 2747; x_wconf 83' lang='grc' dir='ltr'><em>μέρη,</em></span> <span class='ocrx_word' id='word_1_212' title='bbox 1073 2657 1160 2747; x_wconf 81' lang='grc' dir='ltr'><em>ἅπερ</em></span> 
     </span>
     <span class='ocr_line' id='line_1_24' title="bbox 143 2762 1163 2852; baseline 0.003 -20"><span class='ocrx_word' id='word_1_213' title='bbox 143 2764 161 2833; x_wconf 91' lang='lat'><em>6</em></span> <span class='ocrx_word' id='word_1_214' title='bbox 186 2774 251 2832; x_wconf 90' lang='lat' dir='ltr'><em>AB</em></span> <span class='ocrx_word' id='word_1_215' title='bbox 274 2776 335 2832; x_wconf 88' lang='grc' dir='ltr'><em>τοῦ</em></span> <span class='ocrx_word' id='word_1_216' title='bbox 354 2771 393 2831; x_wconf 94' lang='grc' dir='ltr'><em>Γ·</em></span> <span class='ocrx_word' id='word_1_217' title='bbox 418 2767 514 2851; x_wconf 76' lang='grc' dir='ltr'><em>λέγω,</em></span> <span class='ocrx_word' id='word_1_218' title='bbox 538 2763 589 2833; x_wconf 85' lang='grc' dir='ltr'><em>ότι</em></span> <span class='ocrx_word' id='word_1_219' title='bbox 608 2765 663 2832; x_wconf 83' lang='grc' dir='ltr'><em>καὶ</em></span> <span class='ocrx_word' id='word_1_220' title='bbox 683 2764 936 2852; x_wconf 85' lang='grc' dir='ltr'><em>συναμφότερος</em></span> <span class='ocrx_word' id='word_1_221' title='bbox 955 2762 973 2833; x_wconf 93' lang='lat'><em>6</em></span> <span class='ocrx_word' id='word_1_222' title='bbox 992 2773 1024 2832; x_wconf 89' lang='lat' dir='ltr'><em>A</em></span> <span class='ocrx_word' id='word_1_223' title='bbox 1031 2772 1069 2851; x_wconf 91' lang='grc' dir='ltr'>Β</span> <span class='ocrx_word' id='word_1_224' title='bbox 1090 2775 1163 2835; x_wconf 87' lang='lat' dir='ltr'><em>AE</em></span> 
     </span>
    </p>
   </div>
   <div class='ocr_carea' id='block_1_5' title="bbox 141 2936 1160 3578">
    <p class='ocr_par' dir='ltr' id='par_1_7' title="bbox 141 2936 1160 3578">
     <span class='ocr_line' id='line_1_25' title="bbox 215 2936 1158 3070; baseline 0.001 -76.049"><span class='ocrx_word' id='word_1_225' title='bbox 215 2936 382 2996; x_wconf 79' lang='grc' dir='ltr'><em>1..έστίνΕ</em></span> <span class='ocrx_word' id='word_1_226' title='bbox 456 2942 551 3029; x_wconf 77' lang='grc' dir='ltr'><em>κατ’]</em></span> <span class='ocrx_word' id='word_1_227' title='bbox 542 2961 572 2995; x_wconf 92' lang='lat' dir='ltr'><em>1n</em></span> <span class='ocrx_word' id='word_1_228' title='bbox 591 2959 644 2996; x_wconf 76' lang='lat' dir='ltr'><em>ras.</em></span> <span class='ocrx_word' id='word_1_229' title='bbox 663 2960 700 2996; x_wconf 88' lang='lat' dir='ltr'><em>m.</em></span> <span class='ocrx_word' id='word_1_230' title='bbox 720 2949 789 3012; x_wconf 81' lang='lat' dir='ltr'><em>2p‚</em></span> <span class='ocrx_word' id='word_1_231' title='bbox 808 2941 902 2996; x_wconf 75' lang='lat' dir='ltr'><em>insert.</em></span> <span class='ocrx_word' id='word_1_232' title='bbox 922 2960 958 2998; x_wconf 89' lang='lat' dir='ltr'><em>m.</em></span> <span class='ocrx_word' id='word_1_233' title='bbox 978 2941 1043 2998; x_wconf 78' lang='lat' dir='ltr'><em>2F</em></span> <span class='ocrx_word' id='word_1_234' title='bbox 1117 2946 1158 3070; x_wconf 53' lang='lat' dir='ltr'><em>A)</em></span> 
     </span>
     <span class='ocr_line' id='line_1_26' title="bbox 142 2948 1107 3100; baseline 0.001 -34"><span class='ocrx_word' id='word_1_235' title='bbox 142 3029 211 3066; x_wconf 82' lang='lat' dir='ltr'><em>corr.</em></span> <span class='ocrx_word' id='word_1_236' title='bbox 215 2948 297 3066; x_wconf 76' lang='lat' dir='ltr'><em>1enA</em></span> <span class='ocrx_word' id='word_1_237' title='bbox 312 3029 347 3065; x_wconf 92' lang='lat' dir='ltr'><em>m.</em></span> <span class='ocrx_word' id='word_1_238' title='bbox 363 3018 421 3081; x_wconf 80' lang='lat' dir='ltr'><em>2p.</em></span> <span class='ocrx_word' id='word_1_239' title='bbox 477 3008 581 3084; x_wconf 81' lang='grc' dir='ltr'><em>όρα]”</em></span> <span class='ocrx_word' id='word_1_240' title='bbox 562 3007 800 3082; x_wconf 60' lang='grc' dir='ltr'><em>αραόριθμοίν.</em></span> <span class='ocrx_word' id='word_1_241' title='bbox 856 3019 881 3067; x_wconf 81' lang='lat'><em>2.</em></span> <span class='ocrx_word' id='word_1_242' title='bbox 901 3007 1037 3100; x_wconf 73' lang='grc' dir='ltr'><em>ἄρμθμοί]</em></span> <span class='ocrx_word' id='word_1_243' title='bbox 1053 3030 1107 3068; x_wconf 88' lang='lat' dir='ltr'><em>om.</em></span> 
     </span>
     <span class='ocr_line' id='line_1_27' title="bbox 141 3079 1159 3159; baseline 0.002 -21"><span class='ocrx_word' id='word_1_244' title='bbox 141 3084 179 3154; x_wconf 79' lang='lat' dir='ltr'><em>A]</em></span> <span class='ocrx_word' id='word_1_245' title='bbox 201 3090 275 3152; x_wconf 89' lang='grc' dir='ltr'><em>Δφ.</em></span> <span class='ocrx_word' id='word_1_246' title='bbox 314 3082 385 3138; x_wconf 80' lang='grc' dir='ltr'><em>εἰσιν</em></span> <span class='ocrx_word' id='word_1_247' title='bbox 403 3083 461 3136; x_wconf 92' lang='grc' dir='ltr'><em>ΡΒ.</em></span> <span class='ocrx_word' id='word_1_248' title='bbox 536 3090 560 3138; x_wconf 79' lang='grc'><em>7.</em></span> <span class='ocrx_word' id='word_1_249' title='bbox 579 3082 646 3138; x_wconf 76' lang='lat' dir='ltr'>Post</span> <span class='ocrx_word' id='word_1_250' title='bbox 665 3090 691 3136; x_wconf 93' lang='lat' dir='ltr'><em>A</em></span> <span class='ocrx_word' id='word_1_251' title='bbox 709 3085 772 3140; x_wconf 79' lang='lat' dir='ltr'><em>add.</em></span> <span class='ocrx_word' id='word_1_252' title='bbox 792 3083 900 3138; x_wconf 82' lang='lat' dir='ltr'><strong>Theon:</strong></span> <span class='ocrx_word' id='word_1_253' title='bbox 931 3079 1061 3138; x_wconf 88' lang='lat' dir='ltr'><em>6BH&#39;&#39;</em></span> <span class='ocrx_word' id='word_1_254' title='bbox 1041 3104 1099 3150; x_wconf 88' lang='grc' dir='ltr'><em>αρα</em></span> <span class='ocrx_word' id='word_1_255' title='bbox 1119 3088 1159 3159; x_wconf 81' lang='grc' dir='ltr'><em>τῷ</em></span> 
     </span>
     <span class='ocr_line' id='line_1_28' title="bbox 141 3104 1159 3244; baseline 0.002 -36"><span class='ocrx_word' id='word_1_256' title='bbox 141 3158 242 3217; x_wconf 78' lang='grc' dir='ltr'><em>Αἴσος</em></span> <span class='ocrx_word' id='word_1_257' title='bbox 245 3104 322 3210; x_wconf 74' lang='grc' dir='ltr'><em>φέστί</em></span> <span class='ocrx_word' id='word_1_258' title='bbox 337 3150 423 3222; x_wconf 76' lang='grc' dir='ltr'><em>(ἐστίν</em></span> <span class='ocrx_word' id='word_1_259' title='bbox 443 3154 476 3223; x_wconf 91' lang='grc' dir='ltr'><em>Β)</em></span> <span class='ocrx_word' id='word_1_260' title='bbox 497 3154 629 3223; x_wconf 88' lang='lat' dir='ltr'><em>(BFVp).</em></span> <span class='ocrx_word' id='word_1_261' title='bbox 703 3161 727 3209; x_wconf 84' lang='grc'><em>8.</em></span> <span class='ocrx_word' id='word_1_262' title='bbox 747 3151 803 3242; x_wconf 81' lang='grc' dir='ltr'><em>ἄρα</em></span> <span class='ocrx_word' id='word_1_263' title='bbox 836 3171 891 3218; x_wconf 86' lang='lat' dir='ltr'><em>om.</em></span> <span class='ocrx_word' id='word_1_264' title='bbox 885 3142 1159 3244; x_wconf 71' lang='lat' dir='ltr'><em>TheonfflFVp).</em></span> 
     </span>
     <span class='ocr_line' id='line_1_29' title="bbox 141 3221 1159 3315; baseline 0.003 -37"><span class='ocrx_word' id='word_1_265' title='bbox 141 3228 213 3294; x_wconf 71' lang='grc' dir='ltr'><em>ἴσοι]</em></span> <span class='ocrx_word' id='word_1_266' title='bbox 241 3243 294 3280; x_wconf 91' lang='lat' dir='ltr'><em>om.</em></span> <span class='ocrx_word' id='word_1_267' title='bbox 320 3227 418 3281; x_wconf 84' lang='lat' dir='ltr'>Theon</span> <span class='ocrx_word' id='word_1_268' title='bbox 445 3225 580 3315; x_wconf 84' lang='lat' dir='ltr'><em>(BFVp).</em></span> <span class='ocrx_word' id='word_1_269' title='bbox 670 3223 705 3278; x_wconf 83' lang='grc' dir='ltr'><em>τὰ</em></span> <span class='ocrx_word' id='word_1_270' title='bbox 728 3221 802 3279; x_wconf 81' lang='grc' dir='ltr'><em>αότό</em></span> <span class='ocrx_word' id='word_1_271' title='bbox 843 3245 934 3279; x_wconf 88' lang='grc' dir='ltr'><em>ταυτα</em></span> <span class='ocrx_word' id='word_1_272' title='bbox 952 3227 986 3282; x_wconf 90' lang='lat' dir='ltr'><em>V.</em></span> <span class='ocrx_word' id='word_1_273' title='bbox 1032 3226 1159 3297; x_wconf 62' lang='grc' dir='ltr'><em>Ροεόδή</em></span> 
     </span>
     <span class='ocr_line' id='line_1_30' title="bbox 142 3249 1159 3368; baseline 0.004 -20"><span class='ocrx_word' id='word_1_274' title='bbox 142 3295 205 3348; x_wconf 83' lang='lat' dir='ltr'><em>add.</em></span> <span class='ocrx_word' id='word_1_275' title='bbox 232 3298 342 3351; x_wconf 84' lang='lat' dir='ltr'><strong>Theon:</strong></span> <span class='ocrx_word' id='word_1_276' title='bbox 371 3295 459 3351; x_wconf 72' lang='grc' dir='ltr'><em>καὶὸ</em></span> <span class='ocrx_word' id='word_1_277' title='bbox 487 3301 547 3350; x_wconf 89' lang='grc' dir='ltr'><em>ΗΓ</em></span> <span class='ocrx_word' id='word_1_278' title='bbox 563 3296 601 3368; x_wconf 79' lang='grc' dir='ltr'><em>τῷ</em></span> <span class='ocrx_word' id='word_1_279' title='bbox 621 3303 642 3348; x_wconf 88' lang='grc' dir='ltr'><em>Α</em></span> <span class='ocrx_word' id='word_1_280' title='bbox 662 3297 721 3358; x_wconf 74' lang='grc' dir='ltr'><em>ἴσος</em></span> <span class='ocrx_word' id='word_1_281' title='bbox 741 3297 786 3366; x_wconf 89' lang='lat' dir='ltr'><em>(F,</em></span> <span class='ocrx_word' id='word_1_282' title='bbox 806 3299 866 3350; x_wconf 80' lang='grc' dir='ltr'><em>ἴσον</em></span> <span class='ocrx_word' id='word_1_283' title='bbox 886 3298 919 3364; x_wconf 84' lang='grc' dir='ltr'><em>φ)</em></span> <span class='ocrx_word' id='word_1_284' title='bbox 941 3292 1016 3351; x_wconf 72' lang='grc' dir='ltr'><em>ἐστίν</em></span> <span class='ocrx_word' id='word_1_285' title='bbox 1034 3291 1108 3365; x_wconf 83' lang='grc' dir='ltr'><em>(έστί</em></span> <span class='ocrx_word' id='word_1_286' title='bbox 1124 3249 1159 3366; x_wconf 73' lang='lat' dir='ltr'><em>V²</em></span> 
     </span>
     <span class='ocr_line' id='line_1_31' title="bbox 142 3351 1160 3520; baseline 0.006 -31"><span class='ocrx_word' id='word_1_287' title='bbox 142 3371 295 3520; x_wconf 37' lang='grc' dir='ltr'><em>ΒΘΗ,</em></span> <span class='ocrx_word' id='word_1_288' title='bbox 320 3367 458 3499; x_wconf 61' lang='grc' dir='ltr'><em>ΒΗΘ,</em></span> <span class='ocrx_word' id='word_1_289' title='bbox 480 3351 590 3508; x_wconf 61' lang='grc' dir='ltr'><em>έῗιῖ</em></span> <span class='ocrx_word' id='word_1_290' title='bbox 607 3370 766 3511; x_wconf 52' lang='lat' dir='ltr'><em>6256ssss</em></span> <span class='ocrx_word' id='word_1_291' title='bbox 779 3339 1160 3507; x_wconf 54' lang='grc' dir='ltr'><em>ῗέέιέἒίιῗιθὲιῖῷοέ</em></span> 
     </span>
     <span class='ocr_line' id='line_1_32' title="bbox 142 3480 1160 3578; baseline 0.006 -19"><span class='ocrx_word' id='word_1_292' title='bbox 142 3527 179 3577; x_wconf 87' lang='grc' dir='ltr'><em>τφ</em></span> <span class='ocrx_word' id='word_1_293' title='bbox 200 3513 226 3560; x_wconf 94' lang='lat' dir='ltr'><em>A</em></span> <span class='ocrx_word' id='word_1_294' title='bbox 244 3503 311 3573; x_wconf 95' lang='lat' dir='ltr'>P</span> <span class='ocrx_word' id='word_1_295' title='bbox 301 3527 315 3562; x_wconf 95' lang='grc' dir='ltr'><em>ο</em></span> <span class='ocrx_word' id='word_1_296' title='bbox 338 3512 397 3561; x_wconf 90' lang='grc' dir='ltr'><em>ΗΓ</em></span> <span class='ocrx_word' id='word_1_297' title='bbox 413 3514 473 3570; x_wconf 87' lang='grc' dir='ltr'><em>τοις</em></span> <span class='ocrx_word' id='word_1_298' title='bbox 491 3480 581 3576; x_wconf 73' lang='grc' dir='ltr'><em>ᾸΔφ</em></span> <span class='ocrx_word' id='word_1_299' title='bbox 601 3511 666 3578; x_wconf 84' lang='lat' dir='ltr'>(non</span> <span class='ocrx_word' id='word_1_300' title='bbox 685 3510 727 3577; x_wconf 88' lang='lat' dir='ltr'><em>F)</em></span> <span class='ocrx_word' id='word_1_301' title='bbox 748 3493 796 3562; x_wconf 91' lang='lat' dir='ltr'><em>In</em></span> <span class='ocrx_word' id='word_1_302' title='bbox 814 3481 1011 3564; x_wconf 78' lang='lat' dir='ltr'>emendatione</span> <span class='ocrx_word' id='word_1_303' title='bbox 1033 3510 1160 3578; x_wconf 79' lang='lat' dir='ltr'>praeiuit</span> 
     </span>
    </p>
   </div>
   <div class='ocr_carea' id='block_1_6' title="bbox 0 0 1228 3938">
    <p class='ocr_par' dir='ltr' id='par_1_8' title="bbox 0 0 1228 3938">
     <span class='ocr_line' id='line_1_33' title="bbox 0 0 1228 3938; baseline 0 0"><span class='ocrx_word' id='word_1_304' title='bbox 0 0 1228 3938; x_wconf 95' lang='lat' dir='ltr'><em> </em></span> 
     </span>
    </p>
   </div>
  </div>
 </body>
</html>
