2446 3938
138 180 206 245 404
518 182 720 233 Σεοιποιαν
737 177 783 234 ε’.

618 357 684 425 λδ’.

203 478 290 549 Ἐἀν
318 479 492 569 ἀριθμὸς
515 482 610 568 μήτε
636 485 713 548 τῶν
735 479 810 548 ἀπὸ
840 482 992 560 δυάδος
1021 488 1170 554 διπλα-

138 589 385 674 σιαζομένων
412 579 433 675 ή
462 588 557 674 μήτε
584 585 653 655 τὸν
681 587 830 674 ἥμισυν
857 591 924 676 ἔχῃ
947 593 1168 679 περισσόν,

138 691 320 780 ἀρτιάκις
342 718 381 761 τε
404 693 541 780 ἀρτιός
565 695 647 760 ἐστι
670 694 735 760 καὶ
758 691 941 780 ἀρτιάκις
959 699 1168 778 περισσός.

105 821 122 870 ο
205 797 363 888 ’Ἀριθμὸς
391 799 456 887 γὰρ
484 797 502 867 ὁ
532 809 564 866 A
591 799 673 886 μήτε
699 804 767 868 τῶν
790 797 857 867 ἀπὸ
887 799 1016 880 δυάδος
1047 807 1167 872 διπλα-

141 907 347 992 σιαζομένων
375 910 458 972 ἔστω
488 904 571 992 μήτε
600 903 661 973 τὸν
693 903 818 992 ἥμισυν
851 906 949 992 ἐχέτω
980 911 1166 995 περισσόν·

139 1013 241 1098 λέγω,
266 1008 317 1077 ὅτι
341 1008 359 1077 ὁ
384 1020 416 1078 A
439 1009 591 1097 ἀρτιάκις
612 1013 650 1078 τέ
671 1013 762 1078 ἐστιν
786 1008 899 1099 ἀρτιος
921 1012 978 1078 καὶ
1008 1010 1167 1101 ἀρτιάκις

139 1118 307 1205 περισσός.

199 1222 269 1291 ’Ότι
291 1223 354 1311 μὲν
377 1215 441 1291 οὖν
465 1220 483 1291 ὁ
508 1233 540 1290 Α
563 1222 714 1311 ἀρτιάκις
733 1222 823 1290 ἐστὶν
841 1220 968 1310 ἀρτιος,
992 1228 1167 1316 φανερόν·

143 1328 203 1398 τὸν
235 1329 299 1419 γὰρ
332 1328 457 1416 ἥμισυν
485 1328 548 1397 οὐκ
580 1335 646 1417 ἔχει
677 1329 847 1416 περισσόν.
893 1331 979 1416 λέγω
1013 1331 1078 1419 δή,
1113 1331 1168 1402 ὅτι

139 1436 196 1503 καὶ
219 1433 369 1522 ἀρτιάκις
392 1435 549 1519 περισσός
573 1435 672 1503 ἐστιν.
719 1433 778 1503 ἐάν
801 1434 866 1523 γὰρ
889 1434 950 1504 τὸν
974 1447 1008 1504 A
1035 1440 1168 1526 τέμνω-

141 1568 202 1628 μεν
235 1545 312 1626 δίχα
338 1540 394 1605 καὶ
421 1537 482 1606 τὸν
509 1537 634 1626 ἥμισυν
658 1542 763 1608 αὐτοῦ
792 1545 869 1628 δίχα
891 1543 947 1608 καὶ
978 1547 1084 1612 τοῦτο
1113 1543 1169 1614 ἀεὶ

141 1650 304 1732 ποιῶμεν,
337 1646 588 1731 καταντήσομεν
616 1653 663 1725 εἴς
694 1673 769 1714 τινα
801 1644 953 1734 ἀριθμὸν
985 1652 1168 1737 περισσάν,

142 1749 180 1831 ὃς
202 1753 357 1838 μετρήσει
379 1749 440 1818 τὸν
464 1760 496 1818 A
517 1749 599 1819 κατά
620 1747 737 1840 άρτιον
756 1749 915 1839 ἀριθμόν.
962 1759 994 1821 εἰ
1015 1754 1085 1845 γάρ
1111 1757 1167 1845 οὔ,

93 1882 125 1930 15
144 1859 394 1944 καταντήσομεν
427 1862 474 1938 εἰς
506 1857 630 1942 δυάδα,
667 1859 723 1925 καὶ
755 1864 847 1926 ἔσται
880 1856 898 1926 ὅ
931 1869 964 1926 A
995 1865 1067 1929 τῶν
1100 1862 1168 1932 ἀπὸ

145 1963 270 2044 δυάδος
298 1965 618 2050 διπλασιαζομένων·
650 1961 730 2050 ὅπερ
764 1962 826 2050 οὐχ
849 1961 1029 2036 ὑπόκειται.
1081 1967 1170 2038 ὥστε

145 2067 163 2137 ὁ
196 2079 229 2137 A
261 2069 413 2158 ἀρτιάκις
444 2071 600 2156 περισσός
633 2072 732 2138 ἐστιν.
783 2073 919 2157 ἐδείχθη
952 2069 990 2138 δὲ
1020 2074 1081 2140 καὶ
1111 2073 1169 2162 ἀρ-

144 2176 250 2254 τιάκις
277 2175 398 2263 ἀρτιος.
440 2173 458 2243 ὁ
486 2185 518 2242 A
541 2174 605 2264 ἀρα
629 2173 777 2263 ἀρτιάκις
803 2202 838 2243 τε
866 2175 980 2264 ἀρτιός
1009 2179 1082 2246 ἐστι
1112 2181 1169 2248 καὶ

145 2279 296 2367 ἀρτιάκις
318 2282 489 2368 περισσός·
514 2280 594 2368 ὅπερ
619 2286 687 2349 ἔδει
711 2284 824 2363 δεῖξαι.

90 2523 125 2572 20
620 2495 680 2561 λε’.

208 2614 296 2685 Ἐἀν
320 2609 417 2686 ἀσιν
441 2617 738 2703 ὁσοιδηποτοῦν
762 2616 929 2706 ἀριθμοὶ
953 2618 1042 2704 ἑξῆς
1073 2619 1171 2691 ἀνά-

145 2731 281 2808 λογον,
318 2720 571 2811 ἀφαιρεθῶσι
605 2723 647 2790 δὲ
679 2720 754 2791 ἀπό
786 2749 826 2791 τε
862 2728 932 2792 τοῦ
970 2727 1171 2815 δευτέρου

215 2941 241 2988 2.
257 2928 326 3005 ἐάν]
340 2929 377 2987 ἀν
392 2951 418 3002 q.
451 2933 559 2988 Deinde
574 2934 638 2988 add.
653 2930 750 3003 άρτιος
763 2935 786 2988 Β
800 2953 837 2990 m.
852 2951 917 3004 τοο,
931 2935 957 2989 V
970 2935 1001 2989 in
1014 2952 1070 2991 ras.
1087 2957 1127 2994 m.
1144 2947 1169 2996 2.

146 3001 400 3075 διπλασιαζόμενον
423 3006 454 3059 Ρ.
545 3010 570 3059 3.
589 3002 658 3077 τόν]
682 3002 714 3060 τό
738 3006 810 3062 Vm.
831 3013 859 3074 1,
884 3023 953 3061 cort.
973 3024 1010 3060 m.
1030 3013 1060 3072 23
1082 3029 1117 3065 το
1138 3033 1171 3080 φ.

145 3071 230 3148 ἥμισυ
249 3075 279 3132 F.
369 3083 394 3130 4.
415 3072 490 3130 ἐστιν
508 3075 537 3132 P.
625 3082 650 3131 6.
669 3071 755 3146 ήμισν
774 3078 804 3131 F.
843 3076 915 3146 ἔχων
932 3075 967 3132 V.
1055 3085 1082 3133 ⁷.
1104 3077 1169 3154 ὅτι]

145 3168 182 3202 m.
202 3156 217 3204 2
237 3147 271 3202 V.
326 3147 373 3218 τε]
397 3164 451 3201 om.
518 3149 547 3201 et
569 3147 602 3218 ΡΙ
628 3150 665 3215 (u.
690 3167 717 3218 p.
737 3154 833 3211 408‚5
859 3149 921 3202 adn.
946 3148 1027 3216 crit).
1065 3145 1172 3220 ἀρτιός

147 3216 205 3274 ἔστι
224 3220 257 3274 V.
322 3225 346 3275 9.
367 3166 541 3287 &Quchon
559 3217 593 3272 V.
653 3217 798 3290 φανερόν]
818 3219 849 3272 in
866 3236 919 3275 rae.
939 3238 975 3274 m.
996 3226 1010 3273 1
1030 3237 1058 3307 (μ
1125 3231 1170 3280 10,

145 3285 231 3360 ήμιον
246 3290 276 3360 F,
292 3291 321 3344 et
339 3309 366 3358 q,
381 3290 430 3345 sed
444 3306 513 3344 corr.
528 3308 565 3345 m.
582 3295 605 3344 1.
653 3296 694 3344 11.
709 3291 838 3362 τέμωμεν
852 3290 937 3359 BVq.
975 3295 1016 3345 12.
1031 3311 1123 3361 ημισυ
1138 3294 1171 3351 F.

146 3363 272 3448 ποιῶμεν
287 3356 336 3415 ἀεί
352 3362 382 3419 F.
435 3367 476 3416 13.
496 3361 634 3430 ποιοῦμεν
652 3363 683 3428 Ρ,
697 3361 742 3434 P2.
780 3357 998 3432 καταντήσωμεν
1015 3360 1060 3433 P,.
1119 3386 1172 3422 πε-

147 3433 259 3503 ρισσον]
279 3449 333 3486 om.
353 3450 379 3500 q.
454 3438 495 3486 14.
516 3429 589 3486 κατὰ
608 3429 659 3487 τόν
678 3433 712 3500 V,
732 3434 781 3488 sed
799 3429 849 3487 τόν
868 3433 922 3488 del.
995 3430 1023 3486 εἰ
1039 3428 1096 3504 γάρ
1119 3433 1170 3510 οὔ]

147 3519 201 3558 om.
221 3505 265 3573 P,.
301 3501 369 3557 Post
387 3498 421 3556 οὔ
441 3503 504 3559 add.
523 3503 633 3558 Theon:
652 3501 865 3576 καταντήσομεν
884 3506 926 3566 εἴς
947 3522 1011 3558 τινα
1035 3500 1172 3579 ἀριθμὸν
