2446 3938
129 189 195 254 226
454 264 469 287 ·
508 189 710 243 ΣΤΟΙΧΕΙΩΝ
729 186 764 255 ζ’.
848 218 852 223 ·

198 330 274 398 Δύο
302 331 369 419 γὰρ
398 328 540 418 ἀριθμοὶ
569 333 604 398 οί
629 340 677 416 A,
696 338 725 398 Β
753 327 903 418 άριθμόν
930 355 1007 397 τινα
1033 328 1093 398 τὸν
1121 339 1156 400 Γ

128 436 481 516 πολλαπλασιάσαντες
503 434 583 521 τοὺς
601 445 646 523 A,
666 445 698 504 E
713 442 927 505 ποιείτωσαν·
974 436 1070 522 λέγω,
1097 437 1151 506 ὅτι

130 545 221 611 ἐστὶν
250 541 295 623 ὡς
324 540 342 611 6
366 552 399 610 A
425 543 509 630 πρὸς
531 540 590 610 τὸν
613 550 658 628 Β,
688 543 794 621 οὕτως
822 540 840 611 6
865 551 899 610 A
921 541 1004 632 πρὸς
1025 543 1086 613 τὸν
1111 554 1151 614 Ε.

194 649 284 717 Ἐπεὶ
306 647 371 738 γὰρ
396 646 414 716 6
439 659 471 716 A
493 648 554 716 τὸν
578 655 610 716 Γ
629 649 922 730 πολλαπλασιάσας
949 649 1010 718 τὸν
1032 658 1066 717 A
1093 675 1150 720 πε-

96 760 285 843 σποίηιιεν,
307 756 364 824 καὶ
389 781 407 824 ο
431 761 464 823 Γ
483 752 549 842 άρα
571 753 632 822 τὸν
655 764 687 822 A
710 756 1004 836 πολλαπλασιάσας
1025 755 1086 824 τὸν
1116 768 1151 824 A

128 867 317 949 πεποίηκεν.
368 860 424 949 διὰ
452 859 493 928 τὰ
521 859 605 928 αὐτὰ
636 858 677 947 δὴ
705 861 761 928 καί
791 859 865 930 ὁΓ
888 860 948 930 τὸν
972 871 1001 930 Β
1024 871 1148 931 πολλα-

128 967 314 1048 πλασιάσας
340 967 402 1037 τὸν
429 975 462 1035 Ε
488 972 677 1053 πεποίηκεν.
724 965 871 1054 άροθμὸς
902 967 944 1055 δὴ
975 965 992 1036 6
1023 975 1055 1036 Γ
1084 970 1148 1039 δύο

128 1071 299 1162 ἀριθμοὺς
320 1072 402 1154 τοὺς
424 1082 471 1159 A,
490 1080 519 1140 Β
542 1075 835 1152 πολλαπλασιάσας
861 1071 940 1153 τοὺς
968 1083 1016 1159 A,
1035 1082 1068 1140 E
1092 1099 1149 1143 πε-

129 1186 276 1267 ποίηκεν.
323 1184 414 1248 ἔστιν
446 1177 513 1267 άρα
541 1177 586 1258 ὡς
613 1175 631 1247 6
660 1188 693 1246 A
720 1176 804 1267 πρὸς
829 1178 890 1246 τὸν
919 1187 963 1265 Β,
998 1177 1148 1260 οὕτωςὸ

77 1299 110 1349 10
130 1295 163 1353 A
185 1285 269 1375 πρὸς
290 1285 351 1354 τὸν
375 1293 417 1353 Β·
460 1283 541 1371 ὅπερ
565 1288 633 1351 ἔδει
657 1286 772 1365 δείξαι.

605 1476 667 1545 ιθ’.

192 1598 279 1669 Ἐάν
311 1601 498 1688 τέσσαρες
530 1597 699 1688 ἀριθμοὶ
731 1599 933 1689 ἀνάλογον
972 1595 1088 1689 ὦσιν,
1127 1603 1146 1673 6

129 1709 168 1776 ἐκ
200 1706 358 1794 πρώτου
389 1707 453 1775 καὶ
490 1705 680 1794 τετάρτου
716 1707 933 1795 γενόμενος
970 1707 1147 1796 ἀριθμὸς

130 1823 214 1894 ίσος
247 1819 356 1882 ἔσται
387 1817 437 1906 τῷ
471 1815 510 1890 ἐκ
543 1814 734 1901 δευτέρον
765 1815 830 1882 καί
862 1819 999 1901 τρίτου
1031 1842 1147 1901 γενο-

76 1923 109 1973 15
128 1923 229 2011 μένῳ
253 1913 424 2012 ἀριθμῷ·
447 1919 512 1987 καὶ
536 1917 605 1988 ἐάν
630 1917 648 1988 6
673 1923 713 1988 ἐκ
736 1919 895 2010 πρώτου
922 1922 987 1989 καὶ
1014 1924 1146 2010 τετάρ-

128 2051 197 2094 του
219 2025 436 2113 γενόμενος
459 2023 632 2114 ἀριθμὸς
656 2035 742 2107 ίσος
768 2019 790 2116 ᾖ
813 2031 863 2119 τῷ
889 2029 929 2095 ἐκ
953 2029 1146 2115 δευτέρου

127 2134 191 2201 καὶ
232 2139 384 2221 τρίτου,
425 2134 465 2200 οί
503 2133 692 2219 τέσσαρες
732 2131 901 2220 ἀριθμοὶ
943 2132 1146 2220 ἀνάλογον

128 2244 297 2308 ἔσονται

186 2344 359 2413 Ἔστωσαν
381 2345 538 2432 τέσσαρες
562 2341 704 2432 άριθμολ
727 2340 899 2430 άνάλογον
923 2349 958 2413 οί
974 2354 1021 2432 A,
1040 2353 1084 2431 B,
1104 2353 1144 2432 Γ,

72 2454 106 2504 ²⁰
127 2461 174 2538 A,
206 2450 253 2532 ὡς
281 2448 299 2519 6
328 2459 360 2517 A
387 2447 471 2537 πρὸς
497 2448 558 2518 τὸν
586 2457 630 2535 Β,
663 2450 771 2530 οὕτως
798 2476 817 2518 ο
845 2455 879 2517 Γ
900 2449 983 2539 πρὸς
1010 2449 1070 2519 τὸν
1098 2460 1144 2538 A,

124 2559 179 2626 καὶ
208 2556 226 2626 6
254 2556 315 2644 μὲν
339 2564 371 2623 A
392 2553 453 2622 τὸν
478 2562 512 2621 A
534 2554 828 2636 πολλαπλασιάσας
854 2553 915 2624 τὸν
938 2563 971 2623 Ε
995 2563 1144 2646 ποιείτω,

125 2660 143 2732 6
168 2663 206 2731 δὲ
229 2670 258 2730 Β
280 2659 341 2730 τὸν
364 2667 397 2728 Γ
415 2660 707 2741 πολλαπλασιάσας
729 2663 791 2730 τὸν
815 2670 843 2729 Ζ
871 2667 1020 2730 ποιείτω·
1048 2666 1144 2754 λέγω,

125 2766 175 2837 ὅτι
199 2777 272 2848 ίσος
295 2765 385 2835 ἐστὶν
409 2762 428 2833 6
453 2773 485 2832 E
505 2769 551 2858 τῷ
575 2774 611 2837 Z.

184 2871 220 2939 ‘0
247 2871 312 2960 γάρ
339 2880 371 2939 Α
396 2869 458 2940 τὸν
486 2878 519 2939 Γ
541 2873 835 2953 πολλαπλασιάσας
857 2871 918 2942 τὸν
941 2881 982 2942 Η
998 2881 1142 2944 ποιείτω.

69 2983 104 3035 ²5
124 2979 193 3048 ἐπεὶ
213 2970 277 3047 οὖν
297 2975 316 3046 6
335 2985 367 3044 A
385 2981 446 3045 τὸν
465 2983 497 3044 Γ
511 2979 805 3060 πολλαπλασιάσας
824 2981 883 3047 τὸν
898 2986 937 3046 Η
951 2986 1142 3068 πεποίηκεν,

122 3113 182 3156 τον
211 3085 248 3154 δὲ
277 3093 310 3151 A
341 3083 635 3166 πολλαπλασιάσας
666 3085 727 3154 τὸν
755 3094 787 3154 E
816 3092 1012 3173 πεποίηκεν,
1045 3085 1142 3174 άριθ-

123 3192 183 3280 μὸς
207 3197 248 3280 δη
273 3189 291 3260 6
315 3199 347 3259 A
367 3189 431 3259 δύο
451 3188 621 3279 ἀριθμοὺς
639 3194 719 3272 τοὺς
737 3198 775 3278 Γ,
795 3201 828 3259 Δ
845 3192 1143 3273 πολλαπλασιάσας

196 3392 218 3439 1.
237 3382 288 3440 τὸν
308 3387 347 3457 Γ]
367 3402 422 3441 om.
442 3403 469 3455 p
530 3392 554 3440 2.
575 3383 625 3440 τὸν
645 3380 799 3454 Γτοάςρ.
822 3383 1049 3473 ποιήτωσανφ.
1115 3395 1140 3443 3.

123 3477 160 3520 ως
180 3453 301 3543 &amp
365 3461 390 3511 5
409 3456 476 3528 καί]
496 3475 532 3510 m.
553 3455 626 3523 2V3
646 3473 700 3513 om.
720 3474 748 3526 p.
816 3451 885 3527 άρα]
905 3458 960 3513 del
981 3456 1015 3528 V,
1035 3475 1088 3513 om.
1101 3479 1140 3544 φ.

159 3536 182 3583 6.
203 3523 251 3582 διὰ
270 3523 353 3582 τά-
369 3531 397 3582 8·
422 3528 590 3598 πεποίηκεν]
610 3545 667 3598 mg.
686 3546 721 3582 m.
742 3526 811 3598 Π,
830 3545 884 3582 om.
905 3548 935 3596 φ.
1028 3536 1052 3584 7.
1072 3525 1139 3600 δίο]
