2446 3938
109 188 175 255 330
489 180 748 255 Στοιαοιοιιηῆ

110 335 264 401 ἐπίπεδοί
290 334 384 399 εἰσιν.
432 333 581 397 ἔστωσαν
611 319 758 396 οὖντοῦ
789 325 852 413 μὲν
874 333 908 394 Ε
927 328 1080 417 πλευραὶ
1104 330 1138 396 ολ

111 445 150 524 Θ,
170 446 213 523 Κ,
233 441 296 505 τοῦ
317 436 355 504 66
372 442 411 503 Η
431 437 466 502 ολ
487 442 529 515 Λ,
548 441 595 503 Μ.
637 431 788 521 φανερὸν
811 431 877 521 ἄρα
900 433 996 501 ἐστὶν
1017 436 1057 502 ἐκ
1075 437 1137 503 τοῦ

110 542 175 631 πρὸ
204 544 342 629 τούτου,
373 541 425 610 ὅτι
453 544 488 608 οἱ
512 549 551 625 Ε,
572 548 610 624 Ζ,
629 546 668 606 H
687 540 761 625 ἑξῆς
784 542 869 606 εἰσιν
893 535 1076 627 ἀνάλογον
1100 546 1137 609 ἔν

110 1490 145 1532 τε
173 1469 219 1556 τῷ
246 1469 307 1531 τοῦ
335 1472 364 1531 Θ
391 1463 475 1549 πρὸς
497 1464 558 1533 τὸν
582 1472 613 1531 Λ
636 1465 725 1557 λόγῳ
749 1466 872 1557 καὶτῷ
895 1468 957 1532 τοῦ
982 1470 1020 1531 Κ
1046 1463 1137 1553 πρὸς

76 1570 173 1643 στὸν
197 1578 244 1638 Μ.
289 1570 345 1637 καὶ
369 1571 439 1638 ἐπεὶ
463 1573 498 1638 οἱ
519 1579 559 1656 Ε,
579 1580 617 1656 Ζ,
636 1579 676 1639 H
695 1571 862 1659 ἐλάχιστοί
883 1575 947 1638 εἰσι
973 1574 1047 1639 τῶν
1072 1570 1135 1640 τὸν

111 1675 217 1745 αὐτὸν
245 1677 350 1763 λόγον
378 1677 524 1766 ἐχόντων
551 1692 621 1758 τοῖς
643 1686 690 1765 A,
712 1683 753 1763 Γ,
774 1686 822 1764 A,
850 1682 909 1744 καί
934 1679 1028 1744 ἐστιν
1054 1685 1135 1746 ἴσον

110 1781 148 1851 τὸ
173 1788 305 1870 πλῆθος
328 1789 396 1852 τῶν
422 1792 461 1871 Ε,
481 1792 519 1870 Ζ,
539 1790 578 1852 Η
591 1789 637 1878 τῷ
656 1784 779 1872 πλήθει
797 1788 865 1852 τῶν
888 1790 930 1869 Α,
949 1786 989 1868 Γ,
1010 1790 1058 1870 A,
1085 1781 1134 1851 δι’

113 1896 191 1956 λ’σου
215 1891 281 1977 άρα
305 1890 395 1958 ἐστὶν
419 1888 463 1970 ὡς
487 1888 505 1958 6
530 1898 561 1958 E
577 1890 661 1979 πρὸς
678 1889 740 1958 τὶν
758 1896 804 1977 Η,
829 1886 935 1969 οὕτως
954 1885 972 1957 6
992 1896 1027 1956 A
1046 1889 1136 1979 πρὸς

111 1993 173 2062 τὸν
197 2003 239 2063 A.
286 1998 321 2062 ολ
343 1995 380 2063 66
403 2002 448 2079 Ε,
467 2002 506 2062 Η
523 2000 665 2084 πρῶτοι,
693 1999 730 2064 ολ
750 1996 787 2064 66
810 1998 936 2084 πρῶτοι
965 1995 1024 2063 καὶ
1054 1996 1135 2065 ἐλά-

63 2125 96 2173 10
114 2120 237 2188 χιστοι,
262 2104 297 2169 οῖ
318 2101 355 2169 δὲ
380 2094 546 2188 ἐλάχιστοι
569 2106 727 2191 μετροῦσι
750 2101 829 2182 τοὺς
851 2100 912 2170 τὸν
935 2099 1043 2171 αὐτὸν
1075 2102 1135 2171 λό-

112 2235 175 2294 γον
200 2213 336 2296 ἔχοντας
366 2204 481 2286 αὐτοῖς
508 2208 618 2288 ἰσάκις
650 2207 669 2276 6'
696 2234 732 2277 τε
755 2215 875 2296 μείζων
898 2208 959 2278 τὸν
990 2214 1135 2295 μείζονα

111 2316 167 2383 καλ
197 2313 214 2384 6
244 2314 395 2383 ἐλάσσων
422 2311 483 2382 τὸν
512 2313 694 2400 ἐλάσσονα,
722 2317 895 2383 τουτέστιν
918 2312 995 2383 ὅτε
1024 2312 1135 2401 ἡγού-

113 2448 212 2508 μενος
239 2419 299 2488 τὸν
327 2418 520 2508 ἡγούμενον
545 2422 601 2488 καλ
630 2417 648 2489 6
673 2419 835 2506 ἑπόμενος
862 2421 922 2489 τὸν
946 2419 1135 2506 ἑπόμενον·

114 2527 222 2606 ἰσάκις
245 2525 311 2615 άρα
335 2527 353 2594 6
377 2534 410 2594 Ε
429 2526 490 2596 τὸν
513 2536 546 2594 Α
569 2540 682 2614 μετρεῖ
704 2527 760 2594 καὶ
784 2526 802 2594 6
827 2534 867 2594 Η
883 2525 943 2595 τὸν
967 2534 1010 2595 A.
1048 2523 1133 2595 ὁσά·

61 2657 94 2706 15
113 2660 164 2713 κις
188 2632 229 2719 δὴ
256 2631 273 2701 6
297 2640 330 2699 E
349 2632 410 2700 τὸν
433 2641 466 2699 A
489 2646 610 2720 μετρεῖ,
633 2636 794 2700 τοσαῦται
814 2631 958 2720 μονάδες
976 2636 1135 2701 ἔστωσαν

113 2743 150 2807 ἐκ
173 2744 219 2831 τῷ
247 2747 291 2808 Ν.
338 2739 355 2807 6
386 2746 421 2806 Ν
449 2738 513 2825 άρα
542 2737 604 2806 τὸν
631 2745 663 2804 Ε
689 2738 982 2818 πολλαπλασιάσας
1009 2736 1074 2806 τὸν
1100 2748 1135 2807 Α

114 2851 303 2930 πεποίηκεν.
350 2873 368 2912 ο
394 2845 432 2912 66
456 2852 488 2911 E
509 2845 599 2912 ἐστιν
624 2842 641 2912 6
668 2848 794 2912 ἐκτῶν
816 2852 858 2930 Θ,
877 2852 922 2912 Κ·
952 2841 970 2911 6
999 2851 1040 2911 N
1063 2844 1136 2932 ἄρα

113 2950 173 3019 τὸν
202 2953 238 3019 ἐκ
269 2955 337 3018 τῶν
365 2959 407 3032 Θ,
427 2957 461 3018 Κ
482 2949 778 3028 πολλαπλασιάσας
800 2948 861 3018 τὸν
884 2958 917 3016 A
938 2955 1135 3035 πεποίηκεν.

114 3057 245 3144 στερεὸς
273 3055 339 3146 άρα
368 3058 459 3125 ἐστὶν
487 3056 505 3124 6
530 3065 577 3143 A,
606 3057 748 3145 πλευραὶ
777 3055 815 3124 66
844 3054 949 3123 αὐτοῦ
977 3059 1066 3124 εἰσιν
1099 3062 1138 3127 ολ
1219 3139 1220 3144 ¹

61 3188 95 3236 κο
114 3173 152 3249 Θ,
172 3173 215 3252 K,
235 3172 277 3232 N.
324 3163 437 3249 πάλιν,
462 3164 531 3231 ἐπεὶ
556 3167 590 3230 ολ
612 3172 651 3249 Ε,
673 3171 711 3249 Ζ,
730 3170 769 3230 H
789 3161 960 3250 ἐλάχιστοί
975 3165 1041 3229 εἰσι
1060 3169 1136 3234 τῶν

112 3270 173 3338 τὸν
197 3269 301 3338 αὐτὸν
330 3271 434 3356 λόγον
463 3269 610 3357 ἐχόντων
633 3282 704 3349 τοῖς
728 3274 770 3355 Γ,
790 3276 838 3354 A,
857 3275 902 3352 B,
931 3266 1040 3348 ἰσάκις
1062 3269 1136 3357 ἄρα

114 3373 132 3442 6
157 3384 189 3442 Ε
209 3375 269 3444 τὸν
294 3383 326 3444 Γ
351 3390 464 3465 μετρεῖ
493 3376 548 3444 καλ
578 3377 595 3444 6
621 3383 660 3443 H
679 3374 740 3444 τὸν
764 3382 801 3442 Β.
849 3372 965 3453 ὁσάκις
987 3373 1031 3462 δὴ
1056 3373 1075 3444 6
1103 3387 1139 3447 Ε

183 3525 207 3574 2.
228 3519 278 3572 τοῦ
297 3514 367 3587 πρό]
388 3536 441 3574 om.
462 3519 552 3588 Bth.
644 3525 669 3574 3.
689 3511 833 3585 ἀνάλογόν
857 3514 928 3570 εἰσιν
946 3516 1009 3585 Vm.
1107 3528 1136 3577 4.
