2446 3938
133 216 200 281 382
508 214 709 267 ΣΤΟΙΧΕΙΩΝ
726 209 769 267 ε’.

134 357 312 425 δυνατόν
345 359 452 424 ἐστιν
477 352 615 435 αὐτοῖς
637 358 774 439 τρίτον
797 352 1007 438 ἀνάλογον
1037 376 1163 442 προσ-

134 476 278 546 ευρεῖν.

192 567 366 636 Ἔστωσαν
395 571 431 635 ολ
456 568 615 646 δοθέντες
643 565 706 634 δύο
735 562 875 652 ἀριθμοὶ
904 569 940 633 ολ
964 576 1010 652 A,
1029 576 1079 655 B,
1105 569 1163 637 καὶ

134 675 213 741 δέον
247 680 330 742 ἔστω
369 676 628 756 ἐπισκέψασθαι,
665 676 696 740 εἰ
732 671 880 740 δυνατόν
912 675 1005 740 ἐστιν
1038 671 1161 755 αὐτοῖς

101 786 248 866 στρίτον
274 779 442 866 ἀνάλογον
466 791 675 865 προσευρεῖν.

203 889 248 952 Οἱ
268 890 310 972 δὴ
335 894 382 971 A,
402 893 430 952 Β
458 885 533 972 ήτοι
557 889 683 972 πρῶτοι
705 886 790 971 πρὸς
818 883 983 970 ἀλλήλους
1013 886 1106 953 ελσλν
1135 882 1158 973 ή

135 991 185 1060 οὔ.
222 994 328 1059 καλεῖ
346 995 472 1078 πρῶτοι
490 994 576 1076 πρὸς
595 988 760 1075 ἀλλήλους
778 994 875 1076 εἰσίν,
896 991 1076 1077 δέδεικται,
1104 990 1158 1060 ὅτι

134 1096 309 1166 άδύνατόν
336 1100 427 1165 ἐστιν
459 1095 574 1175 αὐτοῖς
601 1101 714 1183 τρίτον
742 1093 913 1181 ἀνάλογον
939 1086 1159 1184 προσευρεῖν.

198 1203 296 1272 Ἀλλὰ
321 1207 362 1290 δή
387 1207 431 1290 μή
456 1209 605 1272 ἔστωσαν
629 1205 665 1270 ολ
685 1211 731 1287 A,
751 1208 779 1268 Β
802 1204 928 1290 πρῶτοι
951 1204 1037 1290 πρὸς
1055 1199 1158 1292 άλλή-

83 1333 115 1382 10
134 1317 229 1396 λους,
261 1310 317 1377 καλ
350 1308 368 1377 6
401 1317 429 1377 Β
459 1311 580 1378 ἑαυτὸν
611 1308 904 1387 πολλαπλασιάσας
929 1311 989 1375 τὸν
1019 1314 1052 1376 Γ
1081 1334 1157 1377 ποι-

134 1421 218 1484 είτω.
265 1414 283 1483 6
315 1426 347 1482 A
375 1419 416 1500 δή
445 1419 507 1483 τὸν
534 1421 567 1482 Γ
590 1413 665 1500 ήτοι
693 1410 846 1500 μετρεῖή
872 1411 915 1481 οὐ
937 1427 1058 1500 μετρεῖ.
1099 1443 1156 1503 με-

133 1527 249 1608 τρείτω
268 1520 433 1607 πρότερον
456 1523 538 1588 κατὰ
563 1522 624 1588 τὸν
649 1529 694 1586 Δ·
719 1517 736 1588 6
761 1528 793 1586 A
812 1518 877 1609 άρα
895 1523 956 1586 τὸν
976 1527 1010 1586 Δ
1029 1527 1156 1589 πολλα-

133 1624 321 1703 πλασιάσας
353 1629 414 1693 τὸν
451 1631 483 1692 Γ
514 1631 703 1712 πεποίηκεν.
748 1623 832 1693 ἀλλὰ
865 1629 932 1712 μήν
969 1626 1026 1693 καλ
1064 1626 1084 1694 6
1125 1634 1154 1695 Β

134 1732 255 1799 ἑαυτὸν
282 1732 577 1812 πολλαπλασιάσας
603 1735 664 1800 τὸν
692 1738 724 1800 Γ
746 1737 940 1818 πεποίηκεν·
971 1729 988 1800 6
1019 1730 1089 1821 άρα
1120 1736 1156 1802 ἐκ

83 1860 114 1908 15
134 1840 202 1904 τάν
234 1847 282 1923 A,
302 1847 335 1904 A
363 1848 435 1917 ῖσος
463 1839 531 1905 ἐστὶ
559 1841 604 1930 τῷ
632 1835 697 1905 άπὸ
725 1841 787 1904 τοῦ
814 1845 852 1904 Β.
891 1841 981 1904 ἔστιν
1011 1835 1080 1926 άρα
1111 1839 1156 1919 ὡς

135 1939 153 2009 6
183 1951 214 2009 A
242 1947 327 2031 πρὸς
352 1947 414 2011 τὸν
440 1951 485 2029 Β,
514 1944 531 2011 6
557 1951 585 2011 Β
608 1947 692 2032 πρὸς
714 1945 776 2010 τὸν
800 1950 845 2009 Δ·
873 1956 943 2022 τοῖς
966 1952 1013 2028 A,
1032 1951 1062 2011 Β
1087 1943 1156 2032 ἄρα

134 2053 244 2135 τρίτος
267 2048 414 2136 άριδμός
437 2047 610 2136 άνάλομον
633 2048 864 2138 προσηύρηται
895 2047 912 2116 6
938 2057 979 2118 A.

198 2153 296 2222 Ἀλλά
321 2159 363 2242 δή
387 2159 431 2242 μή
456 2161 612 2243 μετρείτω
637 2156 655 2222 6
680 2165 712 2222 A
733 2158 795 2223 τὸν
819 2161 858 2222 Γ·
881 2156 983 2241 λέγω,
1007 2153 1060 2223 ὅτι
1082 2171 1157 2238 τοῖς

135 2271 181 2347 A,
206 2268 234 2328 B
272 2258 444 2329 ἀδύνατόν
481 2263 550 2329 ἐστι
586 2266 700 2348 τρίτον
737 2258 908 2347 άνάλογον
949 2277 1156 2349 προσευρεῖν

82 2390 116 2440 20
135 2365 294 2454 άριδμόν.
341 2371 372 2434 εἰ
403 2369 468 2457 γάρ
503 2367 665 2453 δυνατόν,
700 2366 954 2455 προσηυρήσθω
988 2367 1006 2436 ὁ
1041 2377 1084 2439 Δ.
1135 2397 1153 2438 ο

135 2471 200 2561 άρα
234 2477 269 2541 ἐκ
301 2476 369 2541 τῶν
400 2482 446 2560 A,
464 2480 498 2539 A
531 2481 603 2553 ῖσος
635 2473 704 2541 ἐστὶ
730 2477 776 2565 τῷ
805 2470 871 2542 άπὸ
899 2477 961 2542 τοῦ
989 2481 1027 2541 Β.
1065 2475 1083 2543 6
1115 2476 1157 2545 δὲ

134 2578 199 2646 άπὸ
223 2583 284 2647 τοῦ
308 2587 336 2647 Β
361 2581 451 2647 ἐστιν
475 2579 493 2646 6
517 2586 558 2648 Γ·
583 2577 601 2646 6
626 2577 691 2666 άρα
715 2581 750 2646 ἐκ
773 2583 841 2647 τῶν
864 2589 912 2666 A,
932 2588 965 2647 A
989 2587 1062 2660 ῖσος
1081 2582 1156 2650 ἐστὶ

134 2690 179 2776 τῷ
204 2691 240 2752 Γ.
283 2684 367 2754 ὥστε
391 2685 409 2753 6
437 2694 469 2752 A
495 2688 555 2752 τὸν
586 2693 618 2752 Δ
646 2684 939 2765 πολλαπλασιάσας
961 2688 1021 2753 τὸν
1046 2692 1080 2753 Γ
1097 2712 1156 2756 πε·

134 2796 286 2876 ποίηκεν·
316 2790 334 2859 6
362 2801 394 2858 A
421 2790 487 2878 άρα
514 2793 575 2858 τὸν
598 2797 631 2858 Γ
653 2805 766 2878 μετρεῖ
785 2791 868 2858 κατὰ
892 2794 952 2859 τὸν
976 2799 1017 2859 A.
1064 2789 1155 2863 άλλα

81 2918 115 2968 25
135 2898 202 2982 μὴν
240 2893 410 2965 ὑπόκειται
446 2897 502 2964 καὶ
534 2900 578 2984 μὴ
613 2902 756 2985 μετρῶν·
793 2895 874 2981 ὅπερ
907 2896 1042 2965 άτοπον.
1087 2897 1156 2968 οὐκ

135 2999 200 3089 άρα
232 3002 378 3071 δυνατόν
409 3005 477 3071 ἐστι
500 3016 570 3082 τοῖς
593 3013 640 3089 A,
659 3011 688 3070 Β
715 3009 828 3090 τρίτον
852 3001 1024 3089 άυάλομον
1048 3025 1158 3091 προσ-

135 3123 245 3196 ευρεῖν
279 3107 443 3197 ἀριθμὸν,
476 3107 557 3177 ὅταν
591 3106 608 3177 6
637 3121 667 3176 A
694 3112 754 3176 τὸν
781 3115 813 3177 Γ
841 3137 885 3196 μη
919 3114 1034 3198 μετρῇ·
1068 3109 1157 3203 ὅπερ

136 3219 202 3282 ἔδει
227 3219 342 3297 δεῖξαι.

206 3398 231 3444 4.
252 3386 429 3460 ἕπισκὲψασα
449 3413 470 3461 φ
489 3394 555 3462 (non
574 3392 614 3459 F).
688 3397 712 3447 6.
736 3390 769 3446 δέ
793 3412 814 3461 φ
834 3395 901 3460 (non
923 3393 964 3460 F).
1030 3393 1156 3468 πρῶτοι]

134 3462 232 3529 postea
252 3462 316 3514 add.
335 3464 366 3517 B.
423 3470 446 3518 ⁷.
465 3464 515 3517 καλ
534 3461 575 3533 εἰ]
595 3462 630 3530 Ρ,
650 3461 700 3517 καλ
718 3461 746 3517 εἰ
763 3462 816 3532 μέν
829 3463 867 3530 F;
887 3461 916 3517 εἰ
928 3453 1047 3555 μὲνὶοδν
1063 3463 1157 3552 Bvq,

135 3529 223 3602 εἰσίν]
254 3547 342 3602 comp.
367 3533 402 3599 1³3
426 3532 484 3586 εἰσί
503 3533 586 3603 PVq.
624 3534 692 3588 Post
715 3533 860 3588 δέδεικται
883 3533 946 3588 add.
971 3533 1007 3586 1⁴:
1037 3530 1089 3603 „iv
1114 3558 1157 3611 τῳ
