2446 3938
372 184 647 238 ELEMENTORUM
664 186 773 236 LIBER
791 187 850 238 VH.
1053 181 1119 248 205

105 328 192 411 dieo,
225 329 325 394 elium
350 326 477 411 2113÷
499 331 569 393 ΔΕ
593 349 803 391 numerorum
831 330 862 392 Γ
878 331 918 410 -l-
939 332 966 391 Z
990 327 1119 392 easdem

107 440 217 518 partes
240 456 328 517 esse,
353 455 433 518 quae
459 434 503 497 sit
523 436 590 498 AB
614 433 740 495 numeri
763 435 799 498 Γ.

171 563 249 606 num
286 541 439 624 quoniam
477 560 559 623 quae
596 541 705 622 partes
744 542 794 602 est
825 543 889 602 AB
921 541 1048 604 numeri
1080 543 1119 622 Γ,

106 647 237 712 eaedem
261 651 312 711 est
334 651 405 711 ΔΕ
425 646 551 721 numeri
575 649 619 727 Ζ,
647 648 727 728 quot
754 648 830 710 suni
857 645 893 709 in
916 649 981 709 AB
1009 650 1118 730 parles

104 753 232 817 numeri
260 755 301 837 Γ,
328 753 464 818 lotidem
488 753 587 818 etiam
615 754 650 817 in
674 756 744 816 ΔΕ
766 755 841 816 suni
862 755 972 837 partes
993 753 1121 817 numeri

427 864 464 924 Z.
510 859 674 924 diuidalur
692 863 757 923 AB
772 859 806 923 in
824 862 904 941 AH,
922 859 991 922 ΗΒ
1009 861 1119 941 partes

128 1037 149 1086 A
426 966 552 1029 numeri
580 968 621 1048 Γ,
646 970 717 1030 ΔΕ
746 968 855 1030 aulem
887 965 921 1028 in
952 969 1032 1042 ΔΘ,
1056 967 1122 1028 ΘΕ

109 1060 127 1218 I
425 1076 535 1155 partes
565 1072 692 1136 numeri
721 1075 756 1135 Z.
794 1066 916 1156 'iluque
944 1071 1119 1136 multitudo

128 1186 158 1235 H
274 1220 298 1273 Θ
345 1169 366 1219 Ζ
424 1199 633 1243 numerorum
680 1181 766 1262 AH,
804 1181 874 1242 ΗΒ
921 1177 1120 1242 multitudini

107 1219 148 1386 iB
180 1361 198 1368 -
253 1361 272 1371 -
324 1361 342 1369 -
424 1307 634 1350 numerorum
667 1289 748 1367 ΔΘ,
772 1288 838 1350 ΘΕ
868 1284 1012 1368 aequalis
1049 1285 1120 1347 erit.

423 1395 456 1454 et
488 1391 642 1474 quoniam
671 1413 752 1476 quae
784 1413 860 1474 pars
890 1394 940 1454 est
962 1394 1039 1454 AH
1060 1413 1120 1454 nu-

104 1497 185 1560 meri
210 1499 252 1580 Γ,
275 1496 388 1563 eudem
411 1500 462 1561 esi
485 1497 584 1562 eliam
608 1501 674 1561 ΔΘ
696 1498 823 1563 numeri
845 1502 884 1583 Ζ,
909 1501 986 1561 ΛΗ
996 1497 1036 1578 -l-
1053 1499 1121 1560 ΛΘ

108 1601 220 1666 eadem
251 1625 328 1687 pars
360 1603 424 1668 urii
451 1624 659 1669 numerorum
688 1608 720 1669 Γ
735 1608 776 1686 -Ι-
797 1609 839 1688 Ζ,
862 1625 944 1688 quae
966 1607 1044 1668 AH
1060 1625 1121 1667 nu-

107 1708 188 1770 meri
220 1710 252 1772 Γ
285 1711 396 1791 [prop.
429 1707 491 1790 V].
545 1709 656 1775 eadem
693 1710 732 1774 de
765 1732 863 1775 eausa
894 1711 994 1775 eliam
1038 1731 1119 1793 quae

106 1835 183 1897 pars
206 1817 257 1877 esi
279 1816 347 1878 ΗΒ
375 1815 502 1880 numeri
524 1818 565 1898 Γ,
589 1815 700 1880 eadem
728 1838 804 1899 pars
834 1819 884 1880 est
906 1819 975 1880 ΗΒ
996 1819 1036 1897 †
1056 1819 1121 1880 ΘΕ

106 1939 315 1984 numerorum
333 1923 365 1984 Γ
376 1923 416 2001 †
434 1925 469 1986 Z.
515 1942 592 2006 ergo
612 1943 693 2004 quae
711 1924 822 2005 parles
841 1924 890 1986 est
911 1903 976 1986 AB
994 1922 1129 1987 numeri

108 2027 146 2108 Γ,
166 2024 296 2090 eaedem
314 2031 424 2109 parles
440 2032 517 2093 sunl
535 2032 599 2092 AB
617 2030 656 2107 -l-
673 2032 706 2091 Δ
711 2031 743 2092 Ε
759 2048 966 2117 numerorum
981 2031 1013 2091 Γ
1024 2031 1063 2107 -Ι-
1081 2032 1121 2109 Ζ,

108 2130 193 2214 quod
217 2134 287 2195 erat
309 2131 605 2199 demonslrandum.

201 1108 298 1244 ΓῙΔ

577 2327 649 2392 VII.

175 2447 209 2513 Si
231 2471 384 2516 numerus
407 2452 534 2516 numeri
557 2451 668 2516 eadem
691 2474 769 2536 pars
793 2455 855 2536 esi,
886 2474 967 2536 quae
991 2451 1120 2516 ablatus

109 2576 262 2620 numerus
295 2557 410 2641 abluti,
443 2558 543 2622 eliam
575 2559 720 2642 reliquus
752 2557 868 2642 reliqui
901 2557 1011 2622 eadem
1044 2580 1121 2642 pars

110 2663 186 2746 erit,
210 2684 291 2746 quae
314 2667 406 2729 tolus
429 2665 539 2730 totius.

174 2768 261 2832 Nam
288 2791 441 2834 numerus
466 2775 532 2836 AB
564 2773 690 2836 numeri
722 2774 785 2836 ΓΔ
817 2771 929 2836 eadem
961 2772 1004 2836 sil
1035 2793 1121 2856 pars,

109 2893 190 2954 quae
224 2872 352 2938 ablutus
384 2897 536 2940 numerus
563 2881 632 2941 ΑΕ
658 2878 761 2942 ablati
788 2881 858 2943 ΓΖ.
907 2879 993 2965 dieu,
1023 2880 1122 2944 etiam

108 2976 271 3060 reliquum
294 2982 356 3042 ΕΒ
380 2980 496 3064 reliqui
520 2986 588 3046 ΖΔ
611 2984 745 3048 eundem
774 3005 844 3049 esse
871 2989 1011 3068 partem,
1039 3007 1122 3069 quae

107 3087 198 3149 totus
222 3087 288 3148 AB
313 3084 356 3147 sil
378 3084 479 3149 lolius
504 3089 575 3150 ΓΔ.

109 3310 164 3363 quo
183 3295 254 3349 haec
272 3311 351 3364 prop.
371 3311 396 3350 a.
415 3311 452 3350 m.
473 3301 488 3350 1
509 3296 569 3351 solo
588 3296 667 3366 signo
683 3320 689 3352 ι
704 3315 772 3353 eva
789 3296 883 3368 priori
897 3298 1036 3368 diremptu
1050 3302 1122 3366 erut3

109 3380 179 3419 corr.
198 3384 235 3421 m.
255 3372 303 3452 ΕΗ
362 3373 405 3422 20.
426 3362 458 3438 ὁ]
480 3383 564 3492 euim
581 3369 702 3424 m.1P.
785 3375 827 3426 21.
847 3366 880 3442 ὁ]
900 3388 984 3441 supra
1001 3373 1123 3439 m.1P,

109 3451 163 3490 om.
183 3437 213 3492 Ε.
287 3439 365 3510 oluv]
383 3438 414 3494 in
432 3455 535 3495 ras..
608 3445 651 3495 23.
670 3440 739 3513 ΑΕ]
758 3447 781 3496 A
801 3457 870 3498 eras.
889 3441 923 3498 V.
996 3449 1038 3499 24.
1058 3444 1120 3514 nuc]

109 3505 158 3559 καὶ
176 3502 191 3561 ὁ
211 3507 323 3579 BFVp.
396 3515 439 3566 25.
459 3504 535 3583 ὅλος]
555 3506 570 3565 ὁ
591 3505 655 3576 ὅλος
673 3511 704 3567 Β.
