<?xml version="1.0" encoding="UTF-8"?>
<!DOCTYPE html PUBLIC "-//W3C//DTD XHTML 1.0 Transitional//EN"
    "http://www.w3.org/TR/xhtml1/DTD/xhtml1-transitional.dtd">
<html xmlns="http://www.w3.org/1999/xhtml" xml:lang="en" lang="en">
 <head>
  <title>
</title>
<meta http-equiv="Content-Type" content="text/html;charset=utf-8" />
  <meta name='ocr-system' content='tesseract 3.04.00' />
  <meta name='ocr-capabilities' content='ocr_page ocr_carea ocr_par ocr_line ocrx_word'/>
</head>
<body>
  <div class='ocr_page' id='page_1' title='image "./euclidisoperaom19unkngoog_0163.png"; bbox 0 0 2446 3938; ppageno 0'>
   <div class='ocr_carea' id='block_1_1' title="bbox 136 179 773 247">
    <p class='ocr_par' dir='ltr' id='par_1_1' title="bbox 136 179 773 247">
     <span class='ocr_line' id='line_1_1' title="bbox 136 179 773 247; baseline -0.022 0"><span class='ocrx_word' id='word_1_1' title='bbox 136 182 201 247; x_wconf 80' lang='lat'><em>132</em></span> <span class='ocrx_word' id='word_1_2' title='bbox 516 181 718 234; x_wconf 67' lang='grc' dir='ltr'><em>Στοιααιαιι</em></span> <span class='ocrx_word' id='word_1_3' title='bbox 736 179 773 240; x_wconf 84' lang='grc' dir='ltr'><em>ς’.</em></span> 
     </span>
    </p>
   </div>
   <div class='ocr_carea' id='block_1_2' title="bbox 9 323 1157 2862">
    <p class='ocr_par' dir='ltr' id='par_1_2' title="bbox 136 323 1150 412">
     <span class='ocr_line' id='line_1_2' title="bbox 136 323 1150 412; baseline -0.003 -18"><span class='ocrx_word' id='word_1_4' title='bbox 136 330 311 393; x_wconf 81' lang='grc' dir='ltr'><em>ΖΗΘΚΛ</em></span> <span class='ocrx_word' id='word_1_5' title='bbox 339 323 519 410; x_wconf 80' lang='grc' dir='ltr'><em>πολύγωνα</em></span> <span class='ocrx_word' id='word_1_6' title='bbox 547 331 594 403; x_wconf 81' lang='grc' dir='ltr'><em>εἴς</em></span> <span class='ocrx_word' id='word_1_7' title='bbox 615 350 650 391; x_wconf 84' lang='grc' dir='ltr'><em>τε</em></span> <span class='ocrx_word' id='word_1_8' title='bbox 678 323 779 410; x_wconf 83' lang='grc' dir='ltr'><em>ὅμοια</em></span> <span class='ocrx_word' id='word_1_9' title='bbox 801 329 948 412; x_wconf 76' lang='grc' dir='ltr'><em>τρίγωνα</em></span> <span class='ocrx_word' id='word_1_10' title='bbox 972 327 1150 409; x_wconf 75' lang='grc' dir='ltr'><strong><em>διαιρεῖται</em></strong></span> 
     </span>
    </p>

    <p class='ocr_par' dir='ltr' id='par_1_3' title="bbox 9 427 1151 732">
     <span class='ocr_line' id='line_1_3' title="bbox 9 427 1151 518; baseline -0.001 -20"><span class='ocrx_word' id='word_1_11' title='bbox 9 476 13 483; x_wconf 93' lang='grc'>-</span> <span class='ocrx_word' id='word_1_12' title='bbox 135 433 192 501; x_wconf 82' lang='grc' dir='ltr'><em>καὶ</em></span> <span class='ocrx_word' id='word_1_13' title='bbox 224 435 270 511; x_wconf 83' lang='grc' dir='ltr'><em>είς</em></span> <span class='ocrx_word' id='word_1_14' title='bbox 298 440 354 498; x_wconf 86' lang='grc' dir='ltr'><em>ἴσα</em></span> <span class='ocrx_word' id='word_1_15' title='bbox 382 429 418 499; x_wconf 79' lang='grc' dir='ltr'><em>τὸ</em></span> <span class='ocrx_word' id='word_1_16' title='bbox 447 435 579 518; x_wconf 75' lang='grc' dir='ltr'><em>πλῆθος</em></span> <span class='ocrx_word' id='word_1_17' title='bbox 605 431 661 498; x_wconf 84' lang='grc' dir='ltr'><em>καὶ</em></span> <span class='ocrx_word' id='word_1_18' title='bbox 685 427 834 517; x_wconf 77' lang='grc' dir='ltr'><em>ὁμόλογα</em></span> <span class='ocrx_word' id='word_1_19' title='bbox 860 444 931 511; x_wconf 77' lang='grc' dir='ltr'><em>τοῖς</em></span> <span class='ocrx_word' id='word_1_20' title='bbox 959 429 1066 516; x_wconf 81' lang='grc' dir='ltr'><strong><em>ὅλοις,</em></strong></span> <span class='ocrx_word' id='word_1_21' title='bbox 1093 431 1151 499; x_wconf 82' lang='grc' dir='ltr'><em>καὶ</em></span> 
     </span>
     <span class='ocr_line' id='line_1_4' title="bbox 135 535 1150 625; baseline -0.002 -18"><span class='ocrx_word' id='word_1_22' title='bbox 135 540 174 608; x_wconf 81' lang='grc' dir='ltr'><em>τὸ</em></span> <span class='ocrx_word' id='word_1_23' title='bbox 194 545 364 607; x_wconf 89' lang='grc' dir='ltr'><em>ΑΒΓΔΕ</em></span> <span class='ocrx_word' id='word_1_24' title='bbox 380 538 579 625; x_wconf 81' lang='grc' dir='ltr'><em>πολύγωνον</em></span> <span class='ocrx_word' id='word_1_25' title='bbox 598 535 681 624; x_wconf 79' lang='grc' dir='ltr'><em>πρὸς</em></span> <span class='ocrx_word' id='word_1_26' title='bbox 698 536 736 605; x_wconf 82' lang='grc' dir='ltr'><em>τὸ</em></span> <span class='ocrx_word' id='word_1_27' title='bbox 757 544 931 606; x_wconf 80' lang='grc' dir='ltr'><em>ΖΗΘΚΛ</em></span> <span class='ocrx_word' id='word_1_28' title='bbox 948 538 1150 623; x_wconf 89' lang='grc' dir='ltr'><em>πολύγωνον</em></span> 
     </span>
     <span class='ocr_line' id='line_1_5' title="bbox 137 641 1081 732; baseline -0.004 -17"><span class='ocrx_word' id='word_1_29' title='bbox 137 651 336 715; x_wconf 77' lang='grc' dir='ltr'><em>διπλασίονα</em></span> <span class='ocrx_word' id='word_1_30' title='bbox 358 645 462 731; x_wconf 91' lang='grc' dir='ltr'><em>λύγον</em></span> <span class='ocrx_word' id='word_1_31' title='bbox 486 650 551 732; x_wconf 79' lang='grc' dir='ltr'><strong><em>ἔχει</em></strong></span> <span class='ocrx_word' id='word_1_32' title='bbox 574 643 658 731; x_wconf 79' lang='grc' dir='ltr'><em>ἥπερ</em></span> <span class='ocrx_word' id='word_1_33' title='bbox 682 641 702 730; x_wconf 82' lang='grc' dir='ltr'><em>ἡ</em></span> <span class='ocrx_word' id='word_1_34' title='bbox 726 651 791 712; x_wconf 92' lang='grc' dir='ltr'><em>ΑΒ</em></span> <span class='ocrx_word' id='word_1_35' title='bbox 814 641 896 731; x_wconf 80' lang='grc' dir='ltr'><em>πρὸς</em></span> <span class='ocrx_word' id='word_1_36' title='bbox 918 643 981 730; x_wconf 81' lang='grc' dir='ltr'><em>τὴν</em></span> <span class='ocrx_word' id='word_1_37' title='bbox 1005 650 1081 711; x_wconf 91' lang='grc' dir='ltr'><em>ΖΗ.</em></span> 
     </span>
    </p>

    <p class='ocr_par' dir='ltr' id='par_1_4' title="bbox 102 750 907 839">
     <span class='ocr_line' id='line_1_6' title="bbox 102 750 907 839; baseline -0.002 -19"><span class='ocrx_word' id='word_1_38' title='bbox 102 766 118 813; x_wconf 80' lang='lat'>5</span> <span class='ocrx_word' id='word_1_39' title='bbox 201 750 474 839; x_wconf 81' lang='grc' dir='ltr'><em>Ἐπεζεύχθωσαν</em></span> <span class='ocrx_word' id='word_1_40' title='bbox 497 755 534 818; x_wconf 87' lang='grc' dir='ltr'><em>αί</em></span> <span class='ocrx_word' id='word_1_41' title='bbox 554 758 632 837; x_wconf 87' lang='grc' dir='ltr'><em>ΒΕ,</em></span> <span class='ocrx_word' id='word_1_42' title='bbox 648 757 720 836; x_wconf 89' lang='grc' dir='ltr'><em>ΕΓ,</em></span> <span class='ocrx_word' id='word_1_43' title='bbox 735 757 820 836; x_wconf 91' lang='grc' dir='ltr'><em>ΗΑ,</em></span> <span class='ocrx_word' id='word_1_44' title='bbox 835 758 907 818; x_wconf 92' lang='grc' dir='ltr'><em>ΛΘ.</em></span> 
     </span>
    </p>

    <p class='ocr_par' dir='ltr' id='par_1_5' title="bbox 135 856 1151 1264">
     <span class='ocr_line' id='line_1_7' title="bbox 203 856 1149 944; baseline -0.002 -18"><span class='ocrx_word' id='word_1_45' title='bbox 203 859 271 926; x_wconf 80' lang='grc' dir='ltr'><em>Καὶ</em></span> <span class='ocrx_word' id='word_1_46' title='bbox 309 859 377 926; x_wconf 77' lang='grc' dir='ltr'><em>ἐπεὶ</em></span> <span class='ocrx_word' id='word_1_47' title='bbox 419 857 539 944; x_wconf 81' lang='grc' dir='ltr'><em>ὅμοιόν</em></span> <span class='ocrx_word' id='word_1_48' title='bbox 573 861 640 926; x_wconf 82' lang='grc' dir='ltr'><em>ἐστι</em></span> <span class='ocrx_word' id='word_1_49' title='bbox 673 858 711 926; x_wconf 82' lang='grc' dir='ltr'><em>τὸ</em></span> <span class='ocrx_word' id='word_1_50' title='bbox 742 863 913 925; x_wconf 86' lang='grc' dir='ltr'><em>ΑΒΓΔΕ</em></span> <span class='ocrx_word' id='word_1_51' title='bbox 946 856 1149 943; x_wconf 79' lang='grc' dir='ltr'><em>πολύγωνον</em></span> 
     </span>
     <span class='ocr_line' id='line_1_8' title="bbox 135 961 1149 1056; baseline -0.002 -23"><span class='ocrx_word' id='word_1_52' title='bbox 135 970 182 1056; x_wconf 75' lang='grc' dir='ltr'><em>τῷ</em></span> <span class='ocrx_word' id='word_1_53' title='bbox 207 971 381 1033; x_wconf 86' lang='grc' dir='ltr'><em>ΖΗΘΚΛ</em></span> <span class='ocrx_word' id='word_1_54' title='bbox 404 962 604 1055; x_wconf 79' lang='grc' dir='ltr'><em>πολνγύνω,</em></span> <span class='ocrx_word' id='word_1_55' title='bbox 632 972 688 1050; x_wconf 85' lang='grc' dir='ltr'><em>ἴση</em></span> <span class='ocrx_word' id='word_1_56' title='bbox 713 963 803 1032; x_wconf 81' lang='grc' dir='ltr'><em>ἐστὶν</em></span> <span class='ocrx_word' id='word_1_57' title='bbox 825 961 847 1050; x_wconf 79' lang='grc' dir='ltr'><em>ἡ</em></span> <span class='ocrx_word' id='word_1_58' title='bbox 870 961 936 1032; x_wconf 82' lang='grc' dir='ltr'><em>ὑπὸ</em></span> <span class='ocrx_word' id='word_1_59' title='bbox 961 971 1066 1031; x_wconf 89' lang='grc' dir='ltr'><em>ΒΑΕ</em></span> <span class='ocrx_word' id='word_1_60' title='bbox 1087 991 1149 1050; x_wconf 91' lang='grc' dir='ltr'><em>γω-</em></span> 
     </span>
     <span class='ocr_line' id='line_1_9' title="bbox 136 1067 1150 1158; baseline -0.002 -18"><span class='ocrx_word' id='word_1_61' title='bbox 136 1077 193 1140; x_wconf 90' lang='grc' dir='ltr'><em>νία</em></span> <span class='ocrx_word' id='word_1_62' title='bbox 220 1075 259 1158; x_wconf 80' lang='grc' dir='ltr'><em>τῇ</em></span> <span class='ocrx_word' id='word_1_63' title='bbox 283 1068 349 1139; x_wconf 86' lang='grc' dir='ltr'><em>ὑπὸ</em></span> <span class='ocrx_word' id='word_1_64' title='bbox 378 1077 491 1138; x_wconf 89' lang='grc' dir='ltr'><em>ΗΖΛ.</em></span> <span class='ocrx_word' id='word_1_65' title='bbox 541 1075 600 1138; x_wconf 83' lang='grc' dir='ltr'><em>καί</em></span> <span class='ocrx_word' id='word_1_66' title='bbox 629 1072 719 1138; x_wconf 82' lang='grc' dir='ltr'><em>ἐστιν</em></span> <span class='ocrx_word' id='word_1_67' title='bbox 748 1067 793 1151; x_wconf 78' lang='grc' dir='ltr'><em>ὡς</em></span> <span class='ocrx_word' id='word_1_68' title='bbox 816 1067 837 1156; x_wconf 79' lang='grc' dir='ltr'>ἡ</span> <span class='ocrx_word' id='word_1_69' title='bbox 864 1077 931 1137; x_wconf 89' lang='grc' dir='ltr'><em>ΒΑ</em></span> <span class='ocrx_word' id='word_1_70' title='bbox 958 1067 1043 1157; x_wconf 79' lang='grc' dir='ltr'><em>πρὸς</em></span> <span class='ocrx_word' id='word_1_71' title='bbox 1071 1077 1150 1157; x_wconf 89' lang='grc' dir='ltr'><em>ΑΕ,</em></span> 
     </span>
     <span class='ocr_line' id='line_1_10' title="bbox 137 1168 1151 1264; baseline -0.001 -18"><span class='ocrx_word' id='word_1_72' title='bbox 137 1178 244 1259; x_wconf 84' lang='grc' dir='ltr'><em>οὕτως</em></span> <span class='ocrx_word' id='word_1_73' title='bbox 266 1175 287 1264; x_wconf 80' lang='grc' dir='ltr'><em>ἡ</em></span> <span class='ocrx_word' id='word_1_74' title='bbox 311 1183 377 1244; x_wconf 93' lang='grc' dir='ltr'><em>ΗΖ</em></span> <span class='ocrx_word' id='word_1_75' title='bbox 400 1175 484 1264; x_wconf 80' lang='grc' dir='ltr'><em>πρὸς</em></span> <span class='ocrx_word' id='word_1_76' title='bbox 508 1183 580 1245; x_wconf 89' lang='grc' dir='ltr'><em>ΖΑ.</em></span> <span class='ocrx_word' id='word_1_77' title='bbox 627 1177 697 1245; x_wconf 82' lang='grc' dir='ltr'><em>ἐπεὶ</em></span> <span class='ocrx_word' id='word_1_78' title='bbox 726 1168 789 1245; x_wconf 82' lang='grc' dir='ltr'><em>οὖν</em></span> <span class='ocrx_word' id='word_1_79' title='bbox 817 1176 880 1244; x_wconf 79' lang='grc' dir='ltr'><em>δύο</em></span> <span class='ocrx_word' id='word_1_80' title='bbox 908 1176 1055 1263; x_wconf 82' lang='grc' dir='ltr'><em>τρίγωνά</em></span> <span class='ocrx_word' id='word_1_81' title='bbox 1080 1179 1151 1246; x_wconf 78' lang='grc' dir='ltr'><em>ἐστι</em></span> 
     </span>
    </p>

    <p class='ocr_par' dir='ltr' id='par_1_6' title="bbox 85 1283 1157 2862">
     <span class='ocr_line' id='line_1_11' title="bbox 85 1283 1150 1374; baseline -0.001 -22"><span class='ocrx_word' id='word_1_82' title='bbox 85 1297 117 1345; x_wconf 87' lang='grc'><em>10</em></span> <span class='ocrx_word' id='word_1_83' title='bbox 137 1283 178 1352; x_wconf 80' lang='grc' dir='ltr'><em>τὰ</em></span> <span class='ocrx_word' id='word_1_84' title='bbox 202 1291 318 1371; x_wconf 92' lang='grc' dir='ltr'><em>ΑΒΕ,</em></span> <span class='ocrx_word' id='word_1_85' title='bbox 334 1289 437 1352; x_wconf 90' lang='grc' dir='ltr'><em>ΖΗΛ</em></span> <span class='ocrx_word' id='word_1_86' title='bbox 460 1288 541 1370; x_wconf 84' lang='grc' dir='ltr'><em>μίαν</em></span> <span class='ocrx_word' id='word_1_87' title='bbox 564 1288 694 1369; x_wconf 85' lang='grc' dir='ltr'><em>γωνίαν</em></span> <span class='ocrx_word' id='word_1_88' title='bbox 718 1287 777 1373; x_wconf 84' lang='grc' dir='ltr'><em>μιᾷ</em></span> <span class='ocrx_word' id='word_1_89' title='bbox 795 1289 903 1374; x_wconf 82' lang='grc' dir='ltr'><em>γωνίᾳ</em></span> <span class='ocrx_word' id='word_1_90' title='bbox 921 1291 999 1369; x_wconf 88' lang='grc' dir='ltr'><em>ἴσην</em></span> <span class='ocrx_word' id='word_1_91' title='bbox 1019 1287 1150 1370; x_wconf 79' lang='grc' dir='ltr'><em>ἔχοντα,</em></span> 
     </span>
     <span class='ocr_line' id='line_1_12' title="bbox 106 1386 1150 1478; baseline -0.003 -18"><span class='ocrx_word' id='word_1_92' title='bbox 106 1412 110 1421; x_wconf 89' lang='grc'><strong>’</strong></span> <span class='ocrx_word' id='word_1_93' title='bbox 136 1392 212 1478; x_wconf 81' lang='grc' dir='ltr'><em>περὶ</em></span> <span class='ocrx_word' id='word_1_94' title='bbox 254 1391 292 1458; x_wconf 75' lang='grc' dir='ltr'><em>δὲ</em></span> <span class='ocrx_word' id='word_1_95' title='bbox 327 1388 386 1470; x_wconf 83' lang='grc' dir='ltr'><em>τὰς</em></span> <span class='ocrx_word' id='word_1_96' title='bbox 423 1399 497 1469; x_wconf 80' lang='grc' dir='ltr'><em>ἴσας</em></span> <span class='ocrx_word' id='word_1_97' title='bbox 533 1394 658 1475; x_wconf 84' lang='grc' dir='ltr'><em>γωνίας</em></span> <span class='ocrx_word' id='word_1_98' title='bbox 689 1388 748 1470; x_wconf 79' lang='grc' dir='ltr'><em>τὰς</em></span> <span class='ocrx_word' id='word_1_99' title='bbox 784 1389 929 1477; x_wconf 79' lang='grc' dir='ltr'><em>πλευρὰς</em></span> <span class='ocrx_word' id='word_1_100' title='bbox 965 1386 1150 1475; x_wconf 80' lang='grc' dir='ltr'><em>ἀνάλογον,</em></span> 
     </span>
     <span class='ocr_line' id='line_1_13' title="bbox 138 1493 1152 1587; baseline 0 -25"><span class='ocrx_word' id='word_1_101' title='bbox 138 1494 319 1581; x_wconf 78' lang='grc' dir='ltr'><em>ἰσογώνιον</em></span> <span class='ocrx_word' id='word_1_102' title='bbox 361 1494 427 1583; x_wconf 76' lang='grc' dir='ltr'><em>ἄρα</em></span> <span class='ocrx_word' id='word_1_103' title='bbox 469 1496 538 1563; x_wconf 80' lang='grc' dir='ltr'><em>ἐστὶ</em></span> <span class='ocrx_word' id='word_1_104' title='bbox 571 1493 609 1562; x_wconf 85' lang='grc' dir='ltr'><em>τὸ</em></span> <span class='ocrx_word' id='word_1_105' title='bbox 639 1503 744 1563; x_wconf 93' lang='grc' dir='ltr'><em>ΑΒΕ</em></span> <span class='ocrx_word' id='word_1_106' title='bbox 773 1501 939 1583; x_wconf 79' lang='grc' dir='ltr'><em>τρίγωνον</em></span> <span class='ocrx_word' id='word_1_107' title='bbox 970 1498 1016 1587; x_wconf 81' lang='grc' dir='ltr'><em>τῷ</em></span> <span class='ocrx_word' id='word_1_108' title='bbox 1046 1502 1152 1562; x_wconf 82' lang='grc' dir='ltr'><em>ΖἮΛ</em></span> 
     </span>
     <span class='ocr_line' id='line_1_14' title="bbox 136 1597 1153 1692; baseline 0.001 -24"><span class='ocrx_word' id='word_1_109' title='bbox 136 1600 301 1692; x_wconf 77' lang='grc' dir='ltr'><em>τριγώνῳ·</em></span> <span class='ocrx_word' id='word_1_110' title='bbox 322 1598 480 1669; x_wconf 79' lang='grc' dir='ltr'><em>ὥστεκαὶ</em></span> <span class='ocrx_word' id='word_1_111' title='bbox 500 1600 634 1686; x_wconf 80' lang='grc' dir='ltr'><em>ὅμοιον·</em></span> <span class='ocrx_word' id='word_1_112' title='bbox 654 1609 709 1688; x_wconf 90' lang='grc' dir='ltr'><em>ἴση</em></span> <span class='ocrx_word' id='word_1_113' title='bbox 729 1599 795 1689; x_wconf 77' lang='grc' dir='ltr'><em>ἄρα</em></span> <span class='ocrx_word' id='word_1_114' title='bbox 814 1601 904 1669; x_wconf 75' lang='grc' dir='ltr'><em>ἐστὶν</em></span> <span class='ocrx_word' id='word_1_115' title='bbox 922 1597 944 1687; x_wconf 81' lang='grc' dir='ltr'><em>ἡ</em></span> <span class='ocrx_word' id='word_1_116' title='bbox 963 1597 1029 1669; x_wconf 88' lang='grc' dir='ltr'><em>ύπὸ</em></span> <span class='ocrx_word' id='word_1_117' title='bbox 1048 1608 1153 1669; x_wconf 89' lang='grc' dir='ltr'><em>ΑΒΕ</em></span> 
     </span>
     <span class='ocr_line' id='line_1_15' title="bbox 138 1704 1157 1794; baseline 0.001 -20"><span class='ocrx_word' id='word_1_118' title='bbox 138 1712 246 1794; x_wconf 91' lang='grc' dir='ltr'><em>γωνία</em></span> <span class='ocrx_word' id='word_1_119' title='bbox 268 1711 308 1794; x_wconf 75' lang='grc' dir='ltr'><em>τῇ</em></span> <span class='ocrx_word' id='word_1_120' title='bbox 340 1704 405 1775; x_wconf 79' lang='grc' dir='ltr'><em>ὑπὸ</em></span> <span class='ocrx_word' id='word_1_121' title='bbox 431 1711 543 1779; x_wconf 88' lang='grc' dir='ltr'><em>ΖΗΛ.</em></span> <span class='ocrx_word' id='word_1_122' title='bbox 592 1712 661 1774; x_wconf 80' lang='grc' dir='ltr'><em>ἔστι</em></span> <span class='ocrx_word' id='word_1_123' title='bbox 692 1706 729 1775; x_wconf 71' lang='grc' dir='ltr'><em>δὲ</em></span> <span class='ocrx_word' id='word_1_124' title='bbox 750 1708 807 1775; x_wconf 75' lang='grc' dir='ltr'><em>καὶ</em></span> <span class='ocrx_word' id='word_1_125' title='bbox 831 1708 891 1793; x_wconf 83' lang='grc' dir='ltr'><em>ὅλη</em></span> <span class='ocrx_word' id='word_1_126' title='bbox 915 1704 936 1793; x_wconf 78' lang='grc' dir='ltr'><em>ἡ</em></span> <span class='ocrx_word' id='word_1_127' title='bbox 960 1705 1027 1776; x_wconf 82' lang='grc' dir='ltr'><em>ὑπὸ</em></span> <span class='ocrx_word' id='word_1_128' title='bbox 1051 1708 1157 1776; x_wconf 82' lang='grc' dir='ltr'><em>ΑΒΓ</em></span> 
     </span>
     <span class='ocr_line' id='line_1_16' title="bbox 87 1811 1152 1903; baseline 0 -21"><span class='ocrx_word' id='word_1_129' title='bbox 87 1835 119 1883; x_wconf 83' lang='lat'><em>15</em></span> <span class='ocrx_word' id='word_1_130' title='bbox 139 1815 201 1902; x_wconf 83' lang='grc' dir='ltr'><em>ὅλη</em></span> <span class='ocrx_word' id='word_1_131' title='bbox 225 1817 264 1903; x_wconf 77' lang='grc' dir='ltr'><em>τῇ</em></span> <span class='ocrx_word' id='word_1_132' title='bbox 287 1811 354 1882; x_wconf 83' lang='grc' dir='ltr'><em>ὑπὸ</em></span> <span class='ocrx_word' id='word_1_133' title='bbox 379 1821 480 1882; x_wconf 92' lang='grc' dir='ltr'><em>ΖΗΘ</em></span> <span class='ocrx_word' id='word_1_134' title='bbox 503 1823 558 1901; x_wconf 81' lang='grc' dir='ltr'><em>ἴση</em></span> <span class='ocrx_word' id='word_1_135' title='bbox 590 1812 646 1882; x_wconf 75' lang='grc' dir='ltr'><em>διὰ</em></span> <span class='ocrx_word' id='word_1_136' title='bbox 669 1813 731 1901; x_wconf 80' lang='grc' dir='ltr'><em>τὴν</em></span> <span class='ocrx_word' id='word_1_137' title='bbox 754 1812 934 1902; x_wconf 79' lang='grc' dir='ltr'><em>ὁμοιότητα</em></span> <span class='ocrx_word' id='word_1_138' title='bbox 956 1818 1025 1883; x_wconf 75' lang='grc' dir='ltr'><em>τῶν</em></span> <span class='ocrx_word' id='word_1_139' title='bbox 1048 1821 1152 1882; x_wconf 89' lang='grc' dir='ltr'><em>πολν-</em></span> 
     </span>
     <span class='ocr_line' id='line_1_17' title="bbox 137 1918 1152 2010; baseline 0.002 -23"><span class='ocrx_word' id='word_1_140' title='bbox 137 1919 272 2006; x_wconf 84' lang='grc' dir='ltr'><em>γύνων·</em></span> <span class='ocrx_word' id='word_1_141' title='bbox 296 1919 394 2008; x_wconf 78' lang='grc' dir='ltr'><em>λοιπὴ</em></span> <span class='ocrx_word' id='word_1_142' title='bbox 418 1919 484 2008; x_wconf 74' lang='grc' dir='ltr'><em>ἄρα</em></span> <span class='ocrx_word' id='word_1_143' title='bbox 507 1918 529 2008; x_wconf 79' lang='grc' dir='ltr'><em>ἡ</em></span> <span class='ocrx_word' id='word_1_144' title='bbox 553 1918 618 1990; x_wconf 85' lang='grc' dir='ltr'><em>ὑπὸ</em></span> <span class='ocrx_word' id='word_1_145' title='bbox 645 1927 746 1988; x_wconf 92' lang='grc' dir='ltr'><em>ΕΒΓ</em></span> <span class='ocrx_word' id='word_1_146' title='bbox 764 1925 871 2006; x_wconf 91' lang='grc' dir='ltr'><em>γωνία</em></span> <span class='ocrx_word' id='word_1_147' title='bbox 892 1925 932 2010; x_wconf 78' lang='grc' dir='ltr'><em>τῇ</em></span> <span class='ocrx_word' id='word_1_148' title='bbox 956 1918 1021 1989; x_wconf 82' lang='grc' dir='ltr'><em>ὑπὸ</em></span> <span class='ocrx_word' id='word_1_149' title='bbox 1046 1927 1152 1989; x_wconf 81' lang='grc' dir='ltr'><em>ΛΗΘ</em></span> 
     </span>
     <span class='ocr_line' id='line_1_18' title="bbox 139 2024 1151 2115; baseline 0.001 -22"><span class='ocrx_word' id='word_1_150' title='bbox 139 2028 230 2095; x_wconf 79' lang='grc' dir='ltr'><em>ἐστιν</em></span> <span class='ocrx_word' id='word_1_151' title='bbox 258 2035 322 2115; x_wconf 91' lang='grc' dir='ltr'><em>ἴση.</em></span> <span class='ocrx_word' id='word_1_152' title='bbox 368 2029 424 2096; x_wconf 77' lang='grc' dir='ltr'><em>καὶ</em></span> <span class='ocrx_word' id='word_1_153' title='bbox 458 2027 529 2096; x_wconf 80' lang='grc' dir='ltr'><em>ἐπεὶ</em></span> <span class='ocrx_word' id='word_1_154' title='bbox 561 2026 617 2096; x_wconf 77' lang='grc' dir='ltr'><em>διὰ</em></span> <span class='ocrx_word' id='word_1_155' title='bbox 645 2025 707 2114; x_wconf 81' lang='grc' dir='ltr'><em>τὴν</em></span> <span class='ocrx_word' id='word_1_156' title='bbox 735 2024 914 2113; x_wconf 82' lang='grc' dir='ltr'><em>ὁμοιότητα</em></span> <span class='ocrx_word' id='word_1_157' title='bbox 941 2030 1010 2095; x_wconf 76' lang='grc' dir='ltr'><em>τῶν</em></span> <span class='ocrx_word' id='word_1_158' title='bbox 1037 2034 1151 2114; x_wconf 86' lang='grc' dir='ltr'><em>ΑΒΕ,</em></span> 
     </span>
     <span class='ocr_line' id='line_1_19' title="bbox 138 2131 1153 2223; baseline 0.001 -23"><span class='ocrx_word' id='word_1_159' title='bbox 138 2139 242 2202; x_wconf 92' lang='grc' dir='ltr'><em>ΖΗΑ</em></span> <span class='ocrx_word' id='word_1_160' title='bbox 273 2134 448 2223; x_wconf 77' lang='grc' dir='ltr'><em>τριγώνων</em></span> <span class='ocrx_word' id='word_1_161' title='bbox 481 2135 572 2202; x_wconf 78' lang='grc' dir='ltr'><em>ἐστὶν</em></span> <span class='ocrx_word' id='word_1_162' title='bbox 604 2131 650 2212; x_wconf 76' lang='grc' dir='ltr'><em>ὡς</em></span> <span class='ocrx_word' id='word_1_163' title='bbox 677 2131 698 2220; x_wconf 80' lang='grc' dir='ltr'><em>ἡ</em></span> <span class='ocrx_word' id='word_1_164' title='bbox 727 2140 791 2200; x_wconf 90' lang='grc' dir='ltr'><em>ΕΒ</em></span> <span class='ocrx_word' id='word_1_165' title='bbox 819 2132 902 2220; x_wconf 78' lang='grc' dir='ltr'><em>πρὸς</em></span> <span class='ocrx_word' id='word_1_166' title='bbox 934 2140 1011 2219; x_wconf 91' lang='grc' dir='ltr'><em>ΒΑ,</em></span> <span class='ocrx_word' id='word_1_167' title='bbox 1044 2132 1153 2214; x_wconf 75' lang='grc' dir='ltr'><em>οὕτως</em></span> 
     </span>
     <span class='ocr_line' id='line_1_20' title="bbox 137 2236 1152 2329; baseline -0.003 -20"><span class='ocrx_word' id='word_1_168' title='bbox 137 2238 158 2327; x_wconf 81' lang='grc' dir='ltr'><em>ἡ</em></span> <span class='ocrx_word' id='word_1_169' title='bbox 187 2248 263 2309; x_wconf 87' lang='grc' dir='ltr'><em>ΔΗ</em></span> <span class='ocrx_word' id='word_1_170' title='bbox 285 2240 369 2329; x_wconf 82' lang='grc' dir='ltr'><em>πρὸς</em></span> <span class='ocrx_word' id='word_1_171' title='bbox 395 2247 479 2327; x_wconf 92' lang='grc' dir='ltr'><em>ΗΖ,</em></span> <span class='ocrx_word' id='word_1_172' title='bbox 508 2238 592 2308; x_wconf 76' lang='grc' dir='ltr'><em>ἄλλα</em></span> <span class='ocrx_word' id='word_1_173' title='bbox 622 2239 689 2327; x_wconf 79' lang='grc' dir='ltr'><em>μὴν</em></span> <span class='ocrx_word' id='word_1_174' title='bbox 715 2240 771 2306; x_wconf 77' lang='grc' dir='ltr'><em>καὶ</em></span> <span class='ocrx_word' id='word_1_175' title='bbox 799 2237 856 2307; x_wconf 76' lang='grc' dir='ltr'><em>διὰ</em></span> <span class='ocrx_word' id='word_1_176' title='bbox 884 2238 947 2325; x_wconf 82' lang='grc' dir='ltr'><em>τὴν</em></span> <span class='ocrx_word' id='word_1_177' title='bbox 971 2236 1152 2325; x_wconf 82' lang='grc' dir='ltr'><em>ὁμοιότητα</em></span> 
     </span>
     <span class='ocr_line' id='line_1_21' title="bbox 85 2341 1151 2434; baseline -0.003 -18"><span class='ocrx_word' id='word_1_178' title='bbox 85 2367 119 2416; x_wconf 75' lang='lat'><em>20</em></span> <span class='ocrx_word' id='word_1_179' title='bbox 137 2351 206 2429; x_wconf 74' lang='grc' dir='ltr'><em>πῶν</em></span> <span class='ocrx_word' id='word_1_180' title='bbox 233 2347 441 2434; x_wconf 86' lang='grc' dir='ltr'><em>πολνγύνων</em></span> <span class='ocrx_word' id='word_1_181' title='bbox 469 2346 560 2415; x_wconf 80' lang='grc' dir='ltr'><em>ἐστὶν</em></span> <span class='ocrx_word' id='word_1_182' title='bbox 589 2341 634 2425; x_wconf 78' lang='grc' dir='ltr'><em>ὡς</em></span> <span class='ocrx_word' id='word_1_183' title='bbox 660 2343 681 2432; x_wconf 81' lang='grc' dir='ltr'><em>ἡ</em></span> <span class='ocrx_word' id='word_1_184' title='bbox 705 2353 771 2414; x_wconf 90' lang='grc' dir='ltr'><em>ΑΒ</em></span> <span class='ocrx_word' id='word_1_185' title='bbox 794 2344 877 2433; x_wconf 80' lang='grc' dir='ltr'><em>πρὸς</em></span> <span class='ocrx_word' id='word_1_186' title='bbox 899 2351 972 2432; x_wconf 89' lang='grc' dir='ltr'><em>ΒΓ,</em></span> <span class='ocrx_word' id='word_1_187' title='bbox 1001 2345 1107 2427; x_wconf 78' lang='grc' dir='ltr'><em>οὕτως</em></span> <span class='ocrx_word' id='word_1_188' title='bbox 1130 2344 1151 2434; x_wconf 82' lang='grc' dir='ltr'><em>ἡ</em></span> 
     </span>
     <span class='ocr_line' id='line_1_22' title="bbox 138 2448 1153 2543; baseline 0.001 -22"><span class='ocrx_word' id='word_1_189' title='bbox 138 2461 210 2521; x_wconf 90' lang='grc' dir='ltr'><em>ΖΗ</em></span> <span class='ocrx_word' id='word_1_190' title='bbox 233 2454 316 2543; x_wconf 82' lang='grc' dir='ltr'><em>πρὸς</em></span> <span class='ocrx_word' id='word_1_191' title='bbox 345 2461 428 2540; x_wconf 91' lang='grc' dir='ltr'><em>ΗΘ,</em></span> <span class='ocrx_word' id='word_1_192' title='bbox 461 2450 506 2521; x_wconf 77' lang='grc' dir='ltr'><em>δι’</em></span> <span class='ocrx_word' id='word_1_193' title='bbox 542 2460 620 2520; x_wconf 87' lang='grc' dir='ltr'><em>ἴσον</em></span> <span class='ocrx_word' id='word_1_194' title='bbox 648 2451 713 2541; x_wconf 77' lang='grc' dir='ltr'><em>ἄρα</em></span> <span class='ocrx_word' id='word_1_195' title='bbox 741 2453 831 2520; x_wconf 81' lang='grc' dir='ltr'><em>ἐστὶν</em></span> <span class='ocrx_word' id='word_1_196' title='bbox 859 2449 904 2533; x_wconf 78' lang='grc' dir='ltr'><em>ὡς</em></span> <span class='ocrx_word' id='word_1_197' title='bbox 931 2448 953 2537; x_wconf 79' lang='grc' dir='ltr'><em>ἡ</em></span> <span class='ocrx_word' id='word_1_198' title='bbox 982 2459 1045 2520; x_wconf 92' lang='grc' dir='ltr'><em>ΕΒ</em></span> <span class='ocrx_word' id='word_1_199' title='bbox 1067 2452 1153 2539; x_wconf 77' lang='grc' dir='ltr'><em>πρὸς</em></span> 
     </span>
     <span class='ocr_line' id='line_1_23' title="bbox 138 2555 1151 2647; baseline -0.001 -18"><span class='ocrx_word' id='word_1_200' title='bbox 138 2567 211 2646; x_wconf 91' lang='grc' dir='ltr'><em>ΒΓ,</em></span> <span class='ocrx_word' id='word_1_201' title='bbox 241 2559 348 2640; x_wconf 78' lang='grc' dir='ltr'><em>οὕτως</em></span> <span class='ocrx_word' id='word_1_202' title='bbox 374 2558 395 2647; x_wconf 81' lang='grc' dir='ltr'><em>ἡ</em></span> <span class='ocrx_word' id='word_1_203' title='bbox 420 2566 495 2627; x_wconf 91' lang='grc' dir='ltr'><em>ΑΗ</em></span> <span class='ocrx_word' id='word_1_204' title='bbox 513 2557 597 2647; x_wconf 77' lang='grc' dir='ltr'><em>πρὸς</em></span> <span class='ocrx_word' id='word_1_205' title='bbox 619 2565 702 2646; x_wconf 90' lang='grc' dir='ltr'><em>ΗΘ,</em></span> <span class='ocrx_word' id='word_1_206' title='bbox 729 2559 785 2626; x_wconf 79' lang='grc' dir='ltr'><em>καὶ</em></span> <span class='ocrx_word' id='word_1_207' title='bbox 811 2557 887 2647; x_wconf 81' lang='grc' dir='ltr'><em>περὶ</em></span> <span class='ocrx_word' id='word_1_208' title='bbox 909 2555 968 2637; x_wconf 82' lang='grc' dir='ltr'><em>τὰς</em></span> <span class='ocrx_word' id='word_1_209' title='bbox 992 2564 1066 2638; x_wconf 80' lang='grc' dir='ltr'><em>ἴσας</em></span> <span class='ocrx_word' id='word_1_210' title='bbox 1087 2586 1151 2645; x_wconf 91' lang='grc' dir='ltr'><em>γω·</em></span> 
     </span>
     <span class='ocr_line' id='line_1_24' title="bbox 138 2662 1152 2752; baseline 0 -18"><span class='ocrx_word' id='word_1_211' title='bbox 138 2673 214 2746; x_wconf 83' lang='grc' dir='ltr'><em>νίας</em></span> <span class='ocrx_word' id='word_1_212' title='bbox 235 2665 295 2745; x_wconf 80' lang='grc' dir='ltr'><em>τὰς</em></span> <span class='ocrx_word' id='word_1_213' title='bbox 316 2664 382 2734; x_wconf 85' lang='grc' dir='ltr'><em>ὑπὸ</em></span> <span class='ocrx_word' id='word_1_214' title='bbox 403 2670 510 2750; x_wconf 88' lang='grc' dir='ltr'><em>ΕΒΓ,</em></span> <span class='ocrx_word' id='word_1_215' title='bbox 525 2671 629 2732; x_wconf 90' lang='grc' dir='ltr'><em>ΛΗΘ</em></span> <span class='ocrx_word' id='word_1_216' title='bbox 647 2667 685 2731; x_wconf 87' lang='grc' dir='ltr'><em>αί</em></span> <span class='ocrx_word' id='word_1_217' title='bbox 701 2665 841 2752; x_wconf 80' lang='grc' dir='ltr'><em>πλευραὶ</em></span> <span class='ocrx_word' id='word_1_218' title='bbox 860 2662 1032 2750; x_wconf 85' lang='grc' dir='ltr'><em>ύνύλογόν</em></span> <span class='ocrx_word' id='word_1_219' title='bbox 1051 2669 1152 2734; x_wconf 80' lang='grc' dir='ltr'><em>εἰσιν·</em></span> 
     </span>
     <span class='ocr_line' id='line_1_25' title="bbox 140 2769 1153 2862; baseline 0.002 -24"><span class='ocrx_word' id='word_1_220' title='bbox 140 2771 322 2856; x_wconf 87' lang='grc' dir='ltr'><em>ἴσογύνιον</em></span> <span class='ocrx_word' id='word_1_221' title='bbox 358 2769 424 2858; x_wconf 76' lang='grc' dir='ltr'><em>ἄρα</em></span> <span class='ocrx_word' id='word_1_222' title='bbox 459 2770 528 2838; x_wconf 78' lang='grc' dir='ltr'><em>ἐστὶ</em></span> <span class='ocrx_word' id='word_1_223' title='bbox 562 2769 600 2839; x_wconf 85' lang='grc' dir='ltr'><em>τὸ</em></span> <span class='ocrx_word' id='word_1_224' title='bbox 635 2777 737 2839; x_wconf 86' lang='grc' dir='ltr'><em>ΕΒΓ</em></span> <span class='ocrx_word' id='word_1_225' title='bbox 768 2776 936 2860; x_wconf 79' lang='grc' dir='ltr'><em>τρίγωνον</em></span> <span class='ocrx_word' id='word_1_226' title='bbox 967 2775 1013 2862; x_wconf 77' lang='grc' dir='ltr'><em>τῷ</em></span> <span class='ocrx_word' id='word_1_227' title='bbox 1047 2779 1153 2840; x_wconf 89' lang='grc' dir='ltr'><em>ΛΗΘ</em></span> 
     </span>
    </p>
   </div>
   <div class='ocr_carea' id='block_1_3' title="bbox 85 2875 1153 3184">
    <p class='ocr_par' dir='ltr' id='par_1_7' title="bbox 85 2875 1153 3184">
     <span class='ocr_line' id='line_1_26' title="bbox 85 2875 1152 2969; baseline 0.002 -24"><span class='ocrx_word' id='word_1_228' title='bbox 85 2896 119 2945; x_wconf 80' lang='lat'><em>25</em></span> <span class='ocrx_word' id='word_1_229' title='bbox 138 2877 304 2969; x_wconf 75' lang='grc' dir='ltr'><em>τριγύνῳ·</em></span> <span class='ocrx_word' id='word_1_230' title='bbox 338 2875 423 2945; x_wconf 77' lang='grc' dir='ltr'><em>ὥστε</em></span> <span class='ocrx_word' id='word_1_231' title='bbox 454 2877 510 2944; x_wconf 82' lang='grc' dir='ltr'><em>καὶ</em></span> <span class='ocrx_word' id='word_1_232' title='bbox 543 2877 663 2964; x_wconf 85' lang='grc' dir='ltr'><em>ὅμοιόν</em></span> <span class='ocrx_word' id='word_1_233' title='bbox 695 2880 764 2946; x_wconf 79' lang='grc' dir='ltr'><em>ἐστι</em></span> <span class='ocrx_word' id='word_1_234' title='bbox 795 2876 833 2946; x_wconf 84' lang='grc' dir='ltr'><em>τὸ</em></span> <span class='ocrx_word' id='word_1_235' title='bbox 861 2884 963 2946; x_wconf 90' lang='grc' dir='ltr'><em>ΕΒΓ</em></span> <span class='ocrx_word' id='word_1_236' title='bbox 986 2883 1152 2964; x_wconf 84' lang='grc' dir='ltr'><em>τρίγωνον</em></span> 
     </span>
     <span class='ocr_line' id='line_1_27' title="bbox 138 2982 1153 3076; baseline 0.001 -25"><span class='ocrx_word' id='word_1_237' title='bbox 138 2987 184 3076; x_wconf 78' lang='grc' dir='ltr'><em>τῷ</em></span> <span class='ocrx_word' id='word_1_238' title='bbox 213 2991 317 3052; x_wconf 92' lang='grc' dir='ltr'><em>ΛΗΘ</em></span> <span class='ocrx_word' id='word_1_239' title='bbox 348 2983 511 3072; x_wconf 81' lang='grc' dir='ltr'><em>τοιγύνω.</em></span> <span class='ocrx_word' id='word_1_240' title='bbox 559 2984 615 3053; x_wconf 75' lang='grc' dir='ltr'><em>διὰ</em></span> <span class='ocrx_word' id='word_1_241' title='bbox 650 2982 691 3053; x_wconf 77' lang='grc' dir='ltr'><em>τὰ</em></span> <span class='ocrx_word' id='word_1_242' title='bbox 719 2982 804 3054; x_wconf 83' lang='grc' dir='ltr'><em>αύτά</em></span> <span class='ocrx_word' id='word_1_243' title='bbox 835 2984 877 3072; x_wconf 78' lang='grc' dir='ltr'><em>δὴ</em></span> <span class='ocrx_word' id='word_1_244' title='bbox 905 2985 961 3053; x_wconf 80' lang='grc' dir='ltr'><em>καὶ</em></span> <span class='ocrx_word' id='word_1_245' title='bbox 988 2983 1026 3052; x_wconf 76' lang='grc' dir='ltr'><em>τὸ</em></span> <span class='ocrx_word' id='word_1_246' title='bbox 1055 2990 1153 3052; x_wconf 90' lang='grc' dir='ltr'><em>ΕΓΔ</em></span> 
     </span>
     <span class='ocr_line' id='line_1_28' title="bbox 138 3089 1153 3184; baseline 0 -26"><span class='ocrx_word' id='word_1_247' title='bbox 138 3098 304 3180; x_wconf 83' lang='grc' dir='ltr'><em>τρίγωνον</em></span> <span class='ocrx_word' id='word_1_248' title='bbox 333 3089 452 3179; x_wconf 81' lang='grc' dir='ltr'><em>ὅμοιόν</em></span> <span class='ocrx_word' id='word_1_249' title='bbox 485 3095 555 3161; x_wconf 80' lang='grc' dir='ltr'><em>ἐστι</em></span> <span class='ocrx_word' id='word_1_250' title='bbox 589 3096 635 3184; x_wconf 76' lang='grc' dir='ltr'><em>τῷ</em></span> <span class='ocrx_word' id='word_1_251' title='bbox 669 3098 773 3160; x_wconf 90' lang='grc' dir='ltr'><em>ΛΘΚ</em></span> <span class='ocrx_word' id='word_1_252' title='bbox 803 3092 964 3184; x_wconf 77' lang='grc' dir='ltr'><em>τριγώνῳ.</em></span> <span class='ocrx_word' id='word_1_253' title='bbox 1014 3089 1055 3159; x_wconf 80' lang='grc' dir='ltr'><em>ιὰ</em></span> <span class='ocrx_word' id='word_1_254' title='bbox 1085 3089 1153 3180; x_wconf 80' lang='grc' dir='ltr'><em>ἄρα</em></span> 
     </span>
    </p>
   </div>
   <div class='ocr_carea' id='block_1_4' title="bbox 140 3300 1154 3613">
    <p class='ocr_par' dir='ltr' id='par_1_8' title="bbox 211 3300 1152 3373">
     <span class='ocr_line' id='line_1_29' title="bbox 211 3300 1152 3373; baseline 0.001 -13"><span class='ocrx_word' id='word_1_255' title='bbox 211 3313 235 3361; x_wconf 80' lang='lat'><em>5.</em></span> <span class='ocrx_word' id='word_1_256' title='bbox 255 3309 310 3360; x_wconf 89' lang='grc' dir='ltr'><em>ΑΘ</em></span> <span class='ocrx_word' id='word_1_257' title='bbox 352 3307 453 3362; x_wconf 69' lang='lat' dir='ltr'><strong>mutat.</strong></span> <span class='ocrx_word' id='word_1_258' title='bbox 476 3306 507 3360; x_wconf 88' lang='lat' dir='ltr'><em>in</em></span> <span class='ocrx_word' id='word_1_259' title='bbox 529 3310 580 3360; x_wconf 83' lang='lat' dir='ltr'><em>AB</em></span> <span class='ocrx_word' id='word_1_260' title='bbox 603 3307 633 3362; x_wconf 86' lang='lat' dir='ltr'><em>F.</em></span> <span class='ocrx_word' id='word_1_261' title='bbox 725 3310 750 3359; x_wconf 73' lang='lat'><em>7.</em></span> <span class='ocrx_word' id='word_1_262' title='bbox 770 3300 832 3359; x_wconf 77' lang='grc' dir='ltr'><em>ἐστί</em></span> <span class='ocrx_word' id='word_1_263' title='bbox 851 3319 909 3373; x_wconf 81' lang='lat' dir='ltr'><strong>seq.</strong></span> <span class='ocrx_word' id='word_1_264' title='bbox 932 3321 987 3359; x_wconf 73' lang='lat' dir='ltr'><em>ras.</em></span> <span class='ocrx_word' id='word_1_265' title='bbox 1011 3304 1103 3361; x_wconf 76' lang='lat' dir='ltr'><strong>slitt.</strong></span> <span class='ocrx_word' id='word_1_266' title='bbox 1122 3306 1152 3361; x_wconf 80' lang='lat' dir='ltr'><em>F.</em></span> 
     </span>
    </p>

    <p class='ocr_par' dir='ltr' id='par_1_9' title="bbox 140 3372 1154 3613">
     <span class='ocr_line' id='line_1_30' title="bbox 175 3372 1154 3446; baseline -0.001 -16"><span class='ocrx_word' id='word_1_267' title='bbox 175 3381 200 3432; x_wconf 88' lang='lat'><em>8.</em></span> <span class='ocrx_word' id='word_1_268' title='bbox 221 3381 304 3431; x_wconf 90' lang='grc' dir='ltr'><em>ΗΖΛ</em></span> <span class='ocrx_word' id='word_1_269' title='bbox 351 3379 434 3431; x_wconf 93' lang='grc' dir='ltr'><em>ΖΗΛ</em></span> <span class='ocrx_word' id='word_1_270' title='bbox 461 3377 491 3431; x_wconf 85' lang='lat' dir='ltr'><em>F.</em></span> <span class='ocrx_word' id='word_1_271' title='bbox 538 3375 590 3446; x_wconf 85' lang='grc' dir='ltr'><em>τὴν</em></span> <span class='ocrx_word' id='word_1_272' title='bbox 617 3379 670 3431; x_wconf 88' lang='grc' dir='ltr'><em>ΑΕ</em></span> <span class='ocrx_word' id='word_1_273' title='bbox 693 3376 726 3431; x_wconf 91' lang='lat' dir='ltr'><em>V.</em></span> <span class='ocrx_word' id='word_1_274' title='bbox 800 3381 824 3431; x_wconf 83' lang='lat'><em>9.</em></span> <span class='ocrx_word' id='word_1_275' title='bbox 851 3375 921 3446; x_wconf 89' lang='grc' dir='ltr'><em>ΗΖ]</em></span> <span class='ocrx_word' id='word_1_276' title='bbox 948 3379 1007 3429; x_wconf 92' lang='grc' dir='ltr'><em>ΖΗ</em></span> <span class='ocrx_word' id='word_1_277' title='bbox 1025 3375 1056 3431; x_wconf 94' lang='lat' dir='ltr'><em>P.</em></span> <span class='ocrx_word' id='word_1_278' title='bbox 1100 3372 1154 3446; x_wconf 80' lang='grc' dir='ltr'><em>τὴν</em></span> 
     </span>
     <span class='ocr_line' id='line_1_31' title="bbox 140 3444 1153 3518; baseline 0 -16"><span class='ocrx_word' id='word_1_279' title='bbox 140 3451 191 3502; x_wconf 86' lang='grc' dir='ltr'><em>ΖΛ</em></span> <span class='ocrx_word' id='word_1_280' title='bbox 209 3448 242 3502; x_wconf 92' lang='lat' dir='ltr'><em>V.</em></span> <span class='ocrx_word' id='word_1_281' title='bbox 331 3453 372 3501; x_wconf 90' lang='lat'><em>10.</em></span> <span class='ocrx_word' id='word_1_282' title='bbox 392 3449 495 3518; x_wconf 88' lang='grc' dir='ltr'><em>γωνία]</em></span> <span class='ocrx_word' id='word_1_283' title='bbox 514 3450 622 3515; x_wconf 85' lang='grc' dir='ltr'><em>γωνίαν</em></span> <span class='ocrx_word' id='word_1_284' title='bbox 641 3447 703 3515; x_wconf 75' lang='lat' dir='ltr'><em>th.</em></span> <span class='ocrx_word' id='word_1_285' title='bbox 791 3451 832 3500; x_wconf 91' lang='grc'><em>11.</em></span> <span class='ocrx_word' id='word_1_286' title='bbox 852 3444 902 3517; x_wconf 75' lang='grc' dir='ltr'><em>δέ]</em></span> <span class='ocrx_word' id='word_1_287' title='bbox 922 3461 976 3503; x_wconf 88' lang='lat' dir='ltr'><em>om.</em></span> <span class='ocrx_word' id='word_1_288' title='bbox 996 3447 1026 3500; x_wconf 87' lang='lat' dir='ltr'><em>F.</em></span> <span class='ocrx_word' id='word_1_289' title='bbox 1111 3453 1153 3503; x_wconf 84' lang='lat'><em>13.</em></span> 
     </span>
     <span class='ocr_line' id='line_1_32' title="bbox 140 3501 1151 3613; baseline 0.002 -42"><span class='ocrx_word' id='word_1_290' title='bbox 140 3518 197 3590; x_wconf 83' lang='grc' dir='ltr'><em>ἴση]</em></span> <span class='ocrx_word' id='word_1_291' title='bbox 219 3534 287 3574; x_wconf 82' lang='lat' dir='ltr'><strong>corr.</strong></span> <span class='ocrx_word' id='word_1_292' title='bbox 307 3533 340 3572; x_wconf 87' lang='lat' dir='ltr'><em>ex</em></span> <span class='ocrx_word' id='word_1_293' title='bbox 360 3520 421 3572; x_wconf 88' lang='grc' dir='ltr'><em>ἴσον</em></span> <span class='ocrx_word' id='word_1_294' title='bbox 439 3501 476 3570; x_wconf 76' lang='lat' dir='ltr'><em>m‘.</em></span> <span class='ocrx_word' id='word_1_295' title='bbox 495 3533 550 3573; x_wconf 80' lang='lat' dir='ltr'><strong>ree.</strong></span> <span class='ocrx_word' id='word_1_296' title='bbox 570 3518 600 3572; x_wconf 91' lang='lat' dir='ltr'><em>P.</em></span> <span class='ocrx_word' id='word_1_297' title='bbox 675 3522 716 3574; x_wconf 74' lang='lat'><em>15.</em></span> <span class='ocrx_word' id='word_1_298' title='bbox 733 3517 839 3613; x_wconf 59' lang='grc' dir='ltr'><em>ΞΗΘ]</em></span> <span class='ocrx_word' id='word_1_299' title='bbox 860 3519 889 3570; x_wconf 87' lang='grc' dir='ltr'><em>Η</em></span> <span class='ocrx_word' id='word_1_300' title='bbox 906 3517 1018 3573; x_wconf 73' lang='lat' dir='ltr'><strong>uidetur</strong></span> <span class='ocrx_word' id='word_1_301' title='bbox 1031 3534 1102 3574; x_wconf 81' lang='lat' dir='ltr'><strong>corr.</strong></span> <span class='ocrx_word' id='word_1_302' title='bbox 1116 3518 1151 3573; x_wconf 79' lang='lat' dir='ltr'><em>V.</em></span> 
     </span>
    </p>
   </div>
   <div class='ocr_carea' id='block_1_5' title="bbox 61 3566 156 3712">
    <p class='ocr_par' dir='ltr' id='par_1_10' title="bbox 61 3566 156 3712">
     <span class='ocr_line' id='line_1_33' title="bbox 61 3566 156 3712; baseline 0 -48"><span class='ocrx_word' id='word_1_303' title='bbox 61 3566 156 3712; x_wconf 51' lang='grc' dir='ltr'><em>,χ</em></span> 
     </span>
    </p>
   </div>
   <div class='ocr_carea' id='block_1_6' title="bbox 0 0 1231 3938">
    <p class='ocr_par' dir='ltr' id='par_1_11' title="bbox 0 0 1231 3938">
     <span class='ocr_line' id='line_1_34' title="bbox 0 0 1231 3938; baseline 0 0"><span class='ocrx_word' id='word_1_304' title='bbox 0 0 1231 3938; x_wconf 95' lang='lat' dir='ltr'><em> </em></span> 
     </span>
    </p>
   </div>
  </div>
 </body>
</html>
