2446 3938
374 138 649 191 murmurosum
667 139 777 190 amaa
794 114 827 192 ν’.
1079 137 1121 200 15

108 282 304 368 multiplices
333 285 423 367 sunt,
451 285 485 347 et
510 283 622 367 quinta
650 285 716 346 KZ
740 258 897 348 secundae
917 285 945 346 Β
969 284 1123 365 sextaque

107 393 174 454 ΛΘ
201 392 336 474 quartae
364 394 398 453 A
421 409 522 473 aeque
545 388 743 472 multiplices
774 392 864 473 sunt,
891 388 991 452 etiam
1013 389 1120 473 prima

109 496 285 581 quintaque
313 493 511 579 compositae
539 498 603 558 ΕΖ
634 493 792 559 secundae
815 498 844 558 B
868 497 901 558 et
923 495 1022 559 tertia
1051 516 1120 559 sex-

107 605 204 686 taque
237 600 437 685 compositae
469 603 538 664 ΗΘ
563 603 697 682 quartae
729 605 761 662 A
790 621 890 683 aeque
922 600 1120 686 multiplices

106 711 202 795 erunt
227 707 330 792 [prop.
353 705 411 790 Π].

131 814 136 823 ’
173 812 262 898 Ergo
287 813 316 878 si
342 813 448 896 prima
476 812 634 877 secundae
664 815 696 876 et
725 813 823 876 tertia
853 815 985 896 quartae
1018 832 1120 895 aeque

105 919 305 1004 multiplices
325 922 411 1003 sunt,
429 922 462 983 et
476 919 600 1003 primae
613 918 794 1003 tertiaeque
809 939 909 1003 aeque
924 917 1124 1000 multiplices

110 1027 296 1108 sumuntur,
320 1025 419 1090 etiam
442 1045 480 1090 ex
505 1046 606 1109 aequo
630 1024 893 1110 magnitudinum
917 1026 1119 1107 sumpturum

106 1131 211 1196 altera
234 1129 392 1194 secundae
412 1130 516 1194 altera
534 1134 670 1214 quartae
689 1152 789 1214 aeque
809 1129 1007 1214 multiplices
1026 1133 1121 1194 erunt

109 1238 258 1323 singulae
282 1237 497 1321 singularum;
521 1237 605 1322 quod
631 1240 701 1301 erat
724 1236 1020 1301 demonstrandum.

585 1412 643 1478 IV.

174 1536 208 1602 Si
236 1539 343 1622 prima
376 1537 417 1602 ad
450 1537 625 1602 secundam
657 1537 792 1602 eandem
824 1537 986 1602 rationem
1017 1536 1119 1601 habet

104 1646 143 1708 ac
171 1644 269 1708 tertia
288 1643 327 1708 ad
351 1645 515 1727 quartam,
539 1643 637 1708 etiam
659 1643 783 1728 primae
809 1644 989 1727 tertiaeque
1019 1642 1119 1726 aeque

105 1750 301 1834 multiplices
332 1749 372 1814 ad
396 1749 553 1815 secundae
577 1753 775 1834 quartaeque
798 1770 898 1832 aeque
921 1748 1119 1832 multiplices

104 1857 250 1940 qualibet
282 1856 552 1939 multiplicatione
586 1853 759 1938 productas
792 1855 926 1919 eandem
957 1855 1120 1920 rationem

105 1961 275 2026 habebunt
298 1982 356 2026 suo
380 1961 491 2026 ordine
515 1964 671 2045 sumptae.

104 2071 220 2120 Αι--Ι
475 2110 479 2117 -
791 2063 841 2128 Sit
860 2067 947 2129 enim
961 2072 993 2130 A
1009 2089 1016 2130 :
1031 2071 1060 2129 Β
1075 2096 1118 2117 =

105 2176 214 2226 B=—¹
744 2173 794 2235 F:
810 2177 859 2255 Δ,
888 2175 921 2236 et
948 2174 1119 2236 sumantur

743 2277 1006 2362 magnitudinum
1032 2282 1076 2359 A,
1090 2279 1122 2340 Γ

744 2406 845 2469 aeque
867 2383 1119 2467 multiplicasti,

745 2494 772 2553 Z
801 2494 834 2555 et
856 2489 1118 2574 magnitudinum

102 2603 716 2654 M÷——-r——r——÷-r
744 2600 788 2679 Β,
803 2601 836 2660 Λ
869 2596 952 2660 aliae
984 2595 1118 2679 quaeuis

105 2727 214 2777 Γι-ι
325 2744 333 2755 ·
743 2724 843 2788 aeque
862 2703 1060 2786 multiplices
1074 2706 1119 2784 H,

743 2814 779 2874 Θ.
817 2809 898 2892 dico,
921 2829 991 2872 esse
1015 2812 1046 2872 Ε
1060 2831 1067 2871 :
1081 2811 1121 2870 H

744 2946 785 2968 =
801 2919 850 2978 Z:
866 2919 903 2979 Θ.

811 3024 982 3086 sumantur
1031 3019 1117 3083 enim

743 3127 1005 3212 magnitudinum
1029 3129 1117 3208 E‚Z

743 3257 843 3320 aeque
860 3233 1057 3316 multiplices
1072 3235 1116 3312 K,

102 3350 134 3410 A
155 3348 187 3410 et
210 3345 470 3430 magnitudinum
492 3347 588 3427 Η,Θ
630 3344 713 3408 aliae
755 3341 888 3428 quaeuis
913 3360 1013 3424 aeque
1036 3337 1118 3400 mul·

100 3451 229 3537 tiplices
253 3455 306 3536 M,
320 3454 362 3516 N.
394 3452 461 3515 ianr
485 3450 640 3534 quoniam
663 3453 695 3514 E
716 3446 950 3532 magnitudinis
971 3448 1013 3525 A,
1037 3446 1070 3506 et
1089 3445 1117 3504 Z
