2446 3938
96 195 162 260 316
473 193 675 247 Σνοιεωιεεω
693 188 734 261 η’.

165 333 226 421 Μή
241 340 397 423 μετρείτω
413 333 484 421 [δή]
500 334 601 402 πάλιν
616 333 634 401 6
650 339 682 401 Γ
700 331 760 401 τὸν
773 340 819 399 A·
842 332 939 419 λέγω,
959 332 1016 401 ὅτι
1035 328 1122 401 οὐδὲ

97 438 115 508 6
141 450 173 507 A
196 440 256 507 τὸν
279 448 307 507 Β
330 441 495 528 μετρήσει.

164 551 209 613 Εί
230 546 294 633 γὰρ
317 560 432 634 μετρεῖ
452 544 470 614 6
495 554 527 613 A
549 544 610 613 τὸν
634 552 678 630 Β,
702 544 857 632 μετρήσει
878 543 936 611 κοιλ
959 570 978 612 ο
1001 549 1037 611 Γ
1054 542 1122 614 τὸν

99 660 140 719 Δ.
187 649 228 719 ού
255 666 368 738 μετρεῖ
393 652 430 719 δὲ
454 649 472 719 6
496 657 529 719 Γ
551 649 611 718 τὸν
635 659 681 717 Δ·
710 648 785 718 οὐδ’
810 648 917 739 ἄροιο
941 658 975 716 Α
999 660 1066 719 τὸν
1091 656 1123 717 Β

63 763 79 813 5
99 757 265 845 μετρήσει·
290 758 373 843 ὅπερ
397 762 465 824 ἔδει
489 758 602 836 δεῖξαι.

577 948 628 1031 ιζ’.

162 1072 252 1141 Ἐὰν
276 1074 397 1159 κύβος
420 1071 594 1161 ἀριθμὸς
616 1070 740 1158 κύβον
764 1069 941 1160 ἀριθμὸν
968 1071 1023 1161 μή
1052 1102 1124 1162 με·

98 1184 183 1268 τρή,
222 1178 317 1248 οὐδὲ
353 1180 374 1266 ἡ
410 1177 558 1265 πλευρὰ
595 1176 667 1264 τήν
699 1176 874 1263 πλευρὰν
911 1179 1125 1267 μετρήσει·

97 1284 169 1355 κᾶν
196 1287 216 1372 ἡ
244 1285 392 1370 πλευρὰ
419 1283 489 1369 τήν
516 1281 692 1369 πλευρὰν
719 1281 768 1369 μὴ
798 1286 932 1370 μετρῇ,
966 1281 1068 1353 οἰσὶ
1101 1282 1123 1354 6
1216 1317 1217 1324 “

46 1400 80 1449 10
97 1394 218 1480 κύβος
240 1390 309 1459 τὸν
332 1396 457 1474 κύβον
480 1387 674 1475 μετρήσει.

165 1497 281 1583 Κύβος
308 1493 372 1580 γὰρ
400 1491 547 1581 ύριθμὲς
573 1492 591 1562 6
619 1504 653 1562 A
679 1493 786 1581 κύβον
814 1491 964 1582 ἀριθμὸν
993 1494 1059 1563 τὸν
1089 1504 1122 1565 Β
1214 1532 1218 1539 ·

98 1601 143 1688 μή
172 1607 344 1687 μετρείτω,
371 1599 427 1665 καὶ
455 1603 516 1666 τοῦ
547 1599 608 1685 μὲν
632 1610 664 1667 A
685 1599 813 1687 πλευρὰ
836 1604 920 1667 ἔστω
944 1625 963 1667 ο
987 1606 1029 1685 Γ,
1053 1607 1123 1671 τοῦ
1218 1609 1221 1668 ῗ

99 1707 136 1775 δὲ
159 1714 188 1774 Β
211 1704 229 1773 6
255 1714 300 1772 A·
324 1706 425 1790 λέγω,
449 1702 501 1773 ὅτι
525 1702 543 1773 6
568 1711 600 1772 Γ
619 1704 681 1773 τὸν
705 1713 739 1772 A
763 1703 804 1772 06
828 1704 991 1792 μετρήσει.

76 1836 81 1843 ·
165 1815 210 1878 Εί
240 1809 304 1897 γὰρ
333 1822 446 1897 μετρεῖ
471 1810 489 1878 6
518 1816 551 1877 Γ
573 1808 634 1877 τὸν
658 1818 706 1895 A,
733 1809 790 1875 καὶ
818 1807 893 1877 ὁΑ
915 1809 975 1878 τὸν
1002 1818 1034 1877 Β
1064 1838 1123 1899 με·

47 1925 79 1974 15
98 1916 222 2005 τρήσει.
269 1914 310 1984 ού
342 1929 455 2003 μετρεῖ
485 1915 523 1984 δὲ
555 1913 573 1982 6
602 1925 634 1982 A
666 1914 727 1982 τὸν
759 1922 801 1981 Β·
835 1912 908 1983 οὐδ’
943 1913 1011 2004 ύροι
1041 1914 1061 1984 6
1091 1924 1130 1986 Γ

98 2021 160 2092 τὸν
183 2031 216 2090 A
239 2035 359 2110 μετρεῖ.
478 2096 482 2103 ,

161 2127 259 2197 Ἀλλίι
285 2128 327 2215 δή
351 2128 396 2215 μή
421 2133 578 2216 μετρείτω
598 2124 616 2194 6
641 2132 673 2193 Γ
690 2124 751 2194 τὸν
772 2135 818 2193 A·
842 2128 938 2213 λέγω,
962 2124 1013 2194 ὅτι
1035 2125 1126 2198 οὐδὲ

99 2232 117 2302 6
141 2242 173 2302 A
195 2233 256 2303 τὸν
279 2242 307 2301 Β
331 2234 495 2321 μετρήσει.
928 2244 932 2253 ’

165 2343 210 2407 Ec
236 2338 301 2426 γὰρ
330 2366 348 2407 ο
377 2348 410 2406 A
437 2338 498 2407 τόν
525 2347 554 2407 Β
582 2351 708 2426 μετρεῖ,
736 2336 792 2405 κιιλ
816 2335 834 2407 6
864 2345 896 2406 Γ
918 2335 979 2406 τὸν
1002 2345 1039 2403 A
1062 2366 1124 2426 με-

45 2452 80 2502 20
98 2443 221 2532 τρήσει.
268 2442 309 2512 ού
333 2457 448 2532 μετρεῖ
468 2444 506 2512 δὲ
529 2441 547 2513 6
572 2451 605 2513 Γ
622 2442 683 2511 τὸν
708 2453 755 2511 A·
778 2442 853 2513 οὐδ’
880 2442 946 2532 ἄρα
965 2440 983 2511 6
1002 2452 1037 2510 A
1054 2444 1125 2514 τὸν

98 2556 127 2618 Β
149 2550 317 2639 μετρήσει·
342 2549 423 2638 ὅπερ
448 2554 516 2618 ἔδει
540 2552 654 2631 δεῖξαι.
860 2560 893 2615 0

575 2771 633 2830 ιη.

27 2802 90 2911 ‘d
108 2843 116 2856 ⁰
167 2865 250 2933 Δύο
285 2864 435 2964 ῥμρω
463 2868 660 2935 ἐπιπέδων
688 2865 872 2955 ἀριθμῶν
906 2859 962 2947 είς
993 2869 1122 2953 μίσος

1 2940 301 3071 ,,;ίᾶνύλογόν
326 2975 433 3042 ἐστιν
457 2970 642 3061 ἀριθμός·
671 2972 736 3040 κοιλ
759 2970 777 3039 6
802 2975 986 3052 ἐπίπεδος
1016 2972 1089 3061 πρί
1100 3003 1122 3056 ς

1 3068 19 3085 ’
43 3094 79 3144 25
97 3077 167 3146 τὸν
200 3079 391 3148 ἐπίπεδον
424 3086 664 3149 διπλασίονα
696 3077 817 3164 λόγον
850 3083 929 3168 ἔχει
962 3077 1060 3167 ήπερ
1095 3080 1120 3168 ἡ

99 3182 293 3271 ὁμόλογος
316 3189 464 3273 πλευρὰ
489 3184 585 3273 πρὸς
611 3184 683 3271 τήν
706 3182 905 3272 ὁμόλογον
928 3184 1119 3267 πλευράν.

170 3386 193 3432 1.
214 3377 267 3451 δή]
288 3398 341 3435 om.
361 3380 392 3433 P.
446 3384 472 3431 3.
492 3375 520 3431 εί
536 3375 590 3445 γὰρ
608 3383 708 3446 μετρεῖ
722 3372 848 3431 ὁλτόν
866 3378 905 3448 Β]
926 3382 1116 3448 mg.m.lP.

97 3445 245 3520 μετρήσει]
266 3469 320 3506 om.
343 3452 369 3504 Ρ.
418 3511 433 3533 n
448 3454 473 3502 4.
494 3447 538 3571 Al]
558 3448 679 3537 θεαταί.
764 3443 799 3502 ού
818 3454 915 3517 μετρεῖ
931 3446 964 3504 δὲ
984 3444 999 3503 6
1020 3450 1119 3538 Γτὸρ

97 3520 140 3593 A]
164 3539 202 3576 m.
226 3527 242 3574 2
268 3523 298 3576 B.
371 3524 396 3573 5.
416 3537 487 3587 οπερ
528 3518 572 3571 δει
595 3518 700 3589 δειξοιι]
726 3535 780 3573 om.
800 3519 831 3571 B.
905 3525 930 3574 9.
950 3520 1055 3592 μετρῃ]
1081 3545 1116 3596 -ρ

58 3654 177 3696 ,Α
