2446 3938
108 197 151 270 82
482 191 682 253 ΣΤΟΙΧΕΙΩΝ
701 183 744 253 3'2

165 347 275 415 Ἔστω
307 353 475 438 τρίγωνον
507 348 545 418 τὸ
569 354 679 434 ΑΒΓ,
710 347 767 418 καὶ
796 345 972 436 τετμήσθω
1000 345 1020 437 ή
1054 347 1121 418 ὑπὸ

107 460 212 522 ΒΑΓ
239 460 352 540 γωνία.
377 460 453 544 δίχα
482 454 548 524 ὑπὸ
580 461 640 543 τῆς
662 464 734 524 AA
756 453 905 537 εὐθείας·
936 457 1038 543 λέγω,
1069 456 1121 526 ὅτι

108 560 198 628 ἐστίν
231 558 276 640 ὡς
308 559 329 649 ή
353 569 421 630 ΒΔ
443 561 528 651 πρὸς
556 561 619 650 τήν
642 569 723 650 ΓΔ,
755 561 862 644 οὕτως
891 560 912 650 ή
943 571 1010 631 ΒΑ
1037 563 1122 653 πρὸς

106 666 168 753 τήν
191 673 265 735 ΑΓ.

69 785 87 835 5
165 772 284 862 Ἤχθω
307 773 372 865 γὰρ
397 772 453 843 διὰ
472 779 532 844 τοῦ
555 782 587 844 Γ
605 779 645 864 τή
670 784 740 843 AA
762 775 974 864 παράλληλος
1001 773 1022 862 ή
1047 782 1122 861 ΓΕ,

105 880 160 948 καῖ
193 885 371 970 διαχθεῖσα
403 879 516 968 ήΒΑ
538 883 747 969 συμπιπτέτω
781 883 864 971 αὐτή
897 881 981 950 κατὰ
1012 881 1050 951 τὸ
1082 889 1121 951 Ε.

173 988 240 1055 Καί
273 990 343 1057 ἐπεὶ
375 992 422 1069 είς
449 988 684 1075 παραλλήλους
715 987 774 1069 τὰς
802 996 888 1073 AA,
907 993 974 1056 ΕΓ
1002 987 1121 1058 εὐθεῖα

105 1094 260 1162 ἐνέπεσεν
292 1092 313 1181 ή
341 1101 417 1182 ΑΓ,
455 1092 476 1181 ή
510 1093 576 1184 ἄρα
607 1092 674 1164 ὑπὸ
702 1100 805 1163 ΑΓΕ
830 1100 938 1181 γωνία
967 1103 1021 1181 ἴση
1051 1096 1120 1163 ἐστὶ

104 1204 144 1289 τῇ
172 1198 238 1269 ὑπὸ
267 1207 375 1270 ΓΑΔ.
421 1198 496 1270 ἀλλ’
516 1198 536 1289 ή
562 1198 628 1270 ὑπὸ
647 1207 752 1270 ΓΑΔ
769 1206 809 1290 τή
828 1199 895 1270 ὑπὸ
914 1209 1020 1269 ΒΑΔ
1038 1199 1119 1270 ὑπό-

66 1317 88 1366 .0
106 1332 210 1375 κειται
234 1315 303 1395 ἴση·
326 1308 382 1375 καῖ
404 1305 425 1396 ή
449 1304 516 1376 ὑπὸ
539 1315 647 1376 ΒΑΔ
669 1306 736 1398 ἄρα
758 1312 798 1397 τῇ
821 1305 889 1376 ὑπὸ
908 1315 1012 1376 ΑΓΕ
1029 1311 1120 1378 ἐστιν

105 1423 169 1500 ἴση.
215 1413 333 1501 πάλιν,
362 1414 432 1483 ἐπεὶ
460 1417 508 1494 είς
534 1414 769 1503 παραλλήλους
795 1441 855 1494 τας
880 1423 963 1502 AA,
978 1422 1045 1484 ΕΓ
1068 1417 1119 1484 εὐ-

104 1529 183 1588 θεῖα
212 1522 367 1590 ἐνέπεσεν
395 1518 416 1609 ή
441 1529 558 1609 ΒΑΕ,
586 1519 607 1608 ή
631 1520 725 1601 ἐντὸς
747 1526 854 1608 γωνία
877 1518 898 1609 ή
922 1519 988 1590 ὑπὸ
1013 1528 1080 1590 BA
1087 1531 1121 1589 A

105 1634 160 1712 ἴση
196 1627 265 1695 ἐστὶ
298 1631 338 1716 τῇ
362 1626 456 1708 ἐντὸς
483 1632 523 1717 τῇ
546 1625 612 1696 ὑπὸ
638 1634 746 1698 ΑΕΓ.
791 1631 927 1716 ἐδείχθη
956 1629 994 1698 δὲ
1018 1626 1120 1716 καλή

104 1728 171 1800 ὑπὸ
196 1739 297 1801 ΑΓΕ
317 1736 357 1822 τῇ
380 1730 446 1802 ὑπὸ
471 1739 577 1802 BAA
604 1740 674 1821 ἴση·
701 1734 758 1802 καὶ
785 1732 806 1820 ή
837 1731 904 1804 ὑπὸ
925 1741 1026 1803 ΑΓΕ
1052 1733 1119 1824 ἄρα

69 1843 211 1924 ὃγωνία
238 1843 278 1928 τή
306 1835 373 1907 ὑπὸ
404 1844 510 1906 ΑΕΓ
528 1841 619 1908 ἐστιν
643 1847 712 1926 ἴση·
755 1838 839 1910 ὥστε
866 1841 922 1908 καὶ
944 1840 1071 1931 πλευρὰ
1097 1838 1117 1927 ή

104 1953 174 2013 ΑΕ
203 1949 330 2037 πλευρᾷ
363 1951 402 2036 τῇ
435 1953 505 2014 ΑΓ
529 1949 619 2015 ἐστιν
653 1954 719 2036 ἴση.
767 1947 823 2015 καὶ
852 1948 922 2017 ἐπεὶ
949 1946 1121 2036 τριγώνου

102 2054 164 2118 τοῦ
187 2058 286 2120 ΒΓΕ
306 2051 396 2142 παρὰ
419 2060 501 2141 μίαν
523 2058 592 2123 τῶν
615 2057 770 2142 πλευρῶν
793 2052 855 2141 τήν
879 2060 946 2121 ΕΓ
969 2047 1067 2141 ήκται
1096 2050 1118 2139 ή

101 2165 189 2244 ΑΔ,
217 2156 390 2247 ἀνάλογον
418 2157 485 2249 ἄρα
514 2161 605 2228 ἐστὶν
634 2157 680 2240 ὡς
706 2157 727 2247 ή
750 2167 820 2227 ΒΔ
841 2159 926 2248 πρὸς
953 2157 1015 2245 τήν
1040 2165 1118 2243 AF,
1143 2247 1145 2251 ρ

103 2261 209 2345 οὕτως
237 2262 258 2351 ή
283 2273 351 2334 ΒΑ
371 2266 456 2355 πρὸς
481 2265 544 2352 τήν
567 2273 643 2333 ΑΕ.
694 2274 749 2351 ἴση
770 2265 818 2341 ,δὲ
839 2262 862 2352 ή
885 2273 955 2333 ΑΕ
974 2269 1014 2355 τῇ
1039 2272 1117 2333 ΑΓ·

67 2367 148 2452 θὼς
180 2369 247 2460 ἄρα
277 2369 297 2458 ή
329 2380 399 2440 BA
430 2370 514 2461 πρὸς
545 2369 608 2457 τήν
637 2375 713 2456 AF,
746 2368 854 2452 οὕτως
885 2369 906 2459 ή
935 2380 1001 2440 ΒΑ
1034 2372 1119 2461 πρὸς

101 2475 164 2564 τήν
188 2484 260 2546 ΑΓ.
379 2465 382 2469 ’
1035 2521 1041 2531 ·

166 2582 263 2651 Ἀλλὰ
297 2582 338 2669 δή
367 2587 450 2650 ἔστω
478 2581 524 2663 ὥς
551 2580 572 2670 ή
601 2567 670 2650 BA
696 2582 781 2671 πρὸς
812 2583 874 2671 τήν
904 2592 980 2672 AF,
1009 2584 1117 2665 οὕτως

102 2687 121 2775 ή
151 2697 218 2756 ΒΑ
244 2688 329 2777 πρὸς
354 2687 417 2775 τήν
445 2696 521 2776 ΑΓ,
553 2690 609 2757 καὶ
638 2689 824 2777 ἐπεζεύχθω
852 2688 873 2778 ή
902 2701 985 2761 AA·
1018 2694 1116 2779 λέγω,

103 2792 153 2862 ὅτι
182 2800 259 2882 δίχα
286 2795 441 2881 τέτμηται
469 2791 490 2882 ή
520 2792 586 2864 ὑπὸ
610 2803 714 2864 ΒΑΓ
736 2802 844 2883 γωνία
871 2794 937 2866 ὑπὸ
960 2808 1019 2885 τῆς
1042 2808 1074 2866 Α
1081 2807 1114 2865 A

66 2897 246 2982 δεύθείας.

172 3011 248 3077 Τῶν
279 3007 345 3097 γὰρ
378 3006 491 3079 αὐτῶν
527 3010 883 3096 κατασκευασθέντων,
921 3012 995 3078 ἐπεί
1024 3013 1115 3080 ἐστιν

101 3109 147 3193 ὥς
169 3111 189 3201 ή
213 3121 282 3183 ΒΔ
304 3115 388 3204 πρὸς
409 3116 472 3204 τήν
496 3121 578 3203 ΔΓ,
603 3113 709 3196 οὕτως
730 3113 843 3203 ήΒΑ
860 3114 945 3204 πρὸς
962 3114 1025 3203 τήν
1039 3124 1115 3204 AF,

101 3215 186 3288 ἀλλὰ
209 3221 266 3289 καί
289 3218 334 3302 ὡς
357 3219 385 3308 ή
402 3231 470 3291 BA
487 3221 572 3310 πρὸς
589 3220 651 3309 τήν
671 3227 748 3308 ΔΓ,
773 3219 879 3302 οὕτως
898 3222 988 3291 ἐστὶν
1007 3221 1028 3309 ή
1047 3230 1076 3292 Β
1083 3234 1115 3292 Α

173 3383 198 3454 1ss
224 3401 289 3472 καί]
320 3417 405 3470 supra
431 3401 462 3455 Ε.
536 3407 560 3455 3.
591 3401 658 3472 ΓΔ]
688 3404 747 3456 ΔΓ
771 3401 802 3455 Ρ.
876 3407 901 3456 7.
931 3394 1050 3462 εὐθείας
1077 3400 1112 3458 V.

136 3473 161 3524 8.
185 3466 331 3543 ἐνέπεσεν]
351 3471 404 3541 Ρφ
422 3471 483 3541 Bp3
508 3466 692 3542 ἐμπέπτωκεν
711 3471 743 3526 V.
818 3465 894 3526 ἐστίν
917 3472 952 3537 P,-
977 3487 1068 3541 comp.
1086 3491 1115 3543 p.

110 3545 126 3595 ἴ.
144 3535 216 3596 ἄλλοί
235 3541 274 3621 P,
358 3548 399 3600 11.
419 3537 537 3614 εὐθεῖα]
563 3538 684 3606 εὐθείας
707 3541 805 3597 addito
831 3537 935 3597 εήθεῖα
953 3542 983 3597 in
1001 3561 1058 3612 mg.
1076 3561 1116 3598 m.

114 3636 127 3709 k
