2446 3938
353 167 627 219 mansurarum
644 170 753 222 amaa
771 172 817 225 vr.
1034 172 1096 236 131

86 311 206 373 ABI':
216 312 375 373 ABH=
388 307 485 374 BF2:
495 307 579 376 132².
618 316 1097 383 eratautemABH=AEZ.

87 436 186 500 quare
209 416 309 480 etiam
331 419 453 480 ΑΒΓ·
470 421 628 481 AEZ=
643 416 744 484 31⁸2:
759 417 844 484 EZ².

153 520 243 607 Ergo
263 522 386 587 similes
405 523 587 608 trianguli
577 527 627 588 rnt
629 545 663 588 er
678 546 716 589 se
727 526 922 611 duplicatam
936 494 1098 596 rationein

83 628 207 694 hebent
231 650 328 712 quam
350 630 452 694 latera
476 630 770 716 correspondentia

460 840 728 908 Corollarium.

154 964 241 1030 Hinc
264 965 472 1031 manifestum
497 971 554 1046 est,
578 967 606 1031 si
628 970 694 1032 tres
712 971 819 1032 rectae
836 972 1097 1055 proportionales

14 1145 17 1150 ,
85 1071 167 1157 sint,
191 1093 261 1136 esse
284 1076 321 1136 ut
343 1073 450 1156 prima
474 1073 513 1138 ad
537 1073 682 1157 tertiam,
705 1074 755 1138 ita
772 1075 910 1160 figuram
932 1079 967 1142 in
990 1079 1097 1163 prima

87 1177 283 1262 descriptam
303 1179 343 1243 ad
362 1179 502 1266 figuram
521 1180 556 1243 in
576 1179 716 1245 secunda
736 1180 875 1247 similem
895 1189 928 1249 et
947 1185 1097 1251 similiter

85 1285 287 1371 descriptam.
295 1283 320 1370 ¹)
346 1321 388 1332 -
414 1286 500 1371 quod
524 1291 593 1351 erat
617 1287 913 1356 demonstrandum.

147 1504 167 1534 ·
554 1479 624 1546 XX.

151 1585 276 1652 Similia
289 1587 455 1672 polygona
468 1587 502 1650 in
516 1587 698 1674 triangulos
713 1593 746 1653 et
761 1590 884 1655 similes
895 1594 928 1655 et
943 1594 1095 1676 aequales

83 1703 219 1760 numero
243 1697 276 1757 et
297 1692 377 1758 totis
402 1693 689 1778 correspondentes
713 1695 916 1781 diuiduntur,
949 1701 981 1761 et
1003 1699 1096 1782 poly-

83 1822 206 1888 gonum
243 1799 284 1864 ad
320 1799 523 1885 polygonum
561 1800 760 1883 duplicatam
797 1785 958 1868 rationem
995 1804 1096 1869 habet

85 1929 183 1993 quam
206 1908 291 1972 latus
316 1905 570 1988 correspondens
594 1906 743 1971 adlatus
767 1908 1032 1992 correspondens.

151 2011 224 2079 Sint
248 2012 367 2077 similia
388 2013 557 2096 polygona
570 2014 750 2095 ΑΒΓΔΕ,
766 2016 954 2098 ΖΗΘΚΛ,
974 2019 1006 2078 et
1029 2021 1095 2081 ΑΒ

81 2119 178 2186 lateri
218 2122 292 2183 ΖΗ
323 2118 527 2202 respondeat.
583 2117 668 2198 dico,
709 2118 874 2202 polygona
910 2122 1096 2206 ΑΒΓΔΕ,

80 2246 293 2257 --.-———

155 2296 180 2364 1)
199 2295 261 2349 Hoc
281 2310 314 2347 ex
332 2292 515 2362 proportione
534 2295 635 2345 ABP:
651 2294 784 2345 AEZ=
799 2295 872 2345 ΒΓ·
889 2295 948 2345 ΒΗ
965 2293 1095 2348 concludi
1167 2329 1170 2332 -

81 2365 175 2422 uoluit
197 2364 341 2432 Euclides,
369 2363 466 2433 paullo
490 2362 624 2418 audacius
652 2379 729 2429 sane;
759 2380 824 2416 nam
851 2361 917 2417 huic
945 2363 1095 2445 corollario

80 2439 149 2519 post
171 2452 250 2506 rpop.
276 2440 310 2490 20
334 2406 447 2489 demum
470 2435 548 2490 locus
572 2436 639 2496 erat.
678 2403 729 2489 sed
749 2455 764 2488 τ
766 2435 885 2503 pepones
911 2433 960 2488 lin.
982 2440 1012 2487 11
1034 2435 1094 2490 sine

80 2508 166 2563 dubio
185 2507 295 2561 'Phaoni
313 2504 367 2560 soli
385 2505 514 2572 debetur;
533 2523 599 2559 nam
618 2501 693 2566 εἶδος
711 2506 825 2559 tuentur
843 2503 865 2556 P
886 2507 914 2558 et
935 2503 1094 2585 Campanus

80 2581 110 2634 et
133 2578 310 2648 aliquatenus
335 2577 436 2631 saltem
459 2547 631 2663 Philoponus
655 2576 684 2630 et
708 2576 818 2630 Psellus
838 2575 894 2646 (hic
913 2574 1094 2630 corollarium

80 2667 131 2706 suo
150 2665 266 2704 numero
285 2648 365 2718 citat)
385 2645 561 2718 τετράγωνον
579 2646 760 2716 praebentes,
779 2647 853 2715 quod
872 2663 936 2701 oum
954 2647 1093 2716 scriptura

79 2712 156 2784 εἶδος
175 2719 320 2776 'conciliari
338 2720 444 2789 potest,
464 2736 527 2774 cum
545 2721 682 2788 τρίγωνον
699 2735 756 2773 non
774 2717 944 2788 potestat
962 2735 1041 2788 prop.
1058 2725 1092 2773 20

80 2792 177 2848 coroll.
197 2798 213 2846 2
227 2791 259 2845 in
273 2790 317 2844 Ρ
308 2808 339 2844 m
352 2807 408 2859 mg.
424 2790 552 2844 additum
566 2793 595 2844 et
609 2806 626 2843 a
640 2789 782 2870 Campano
798 2789 932 2843 omissum
945 2804 963 2842 a
976 2789 1092 2844 Theona

78 2863 282 2944 interpolatum
313 2862 414 2916 merito
441 2860 532 2915 uideri
556 2862 663 2930 potest,
692 2859 722 2914 id
750 2861 825 2928 quod
848 2862 878 2915 et
908 2860 1002 2930 ipsum
1030 2877 1092 2916 sen-

76 2932 198 2989 tentiam
230 2949 323 2988 meam
355 2933 390 2986 de
421 2931 505 2986 liuius
538 2930 678 2988 corollarii
713 2930 804 2985 forma
836 2931 990 3014 confirmat
1030 2934 1092 2985 tum

76 3005 191 3075 Pappus
213 3003 432 3072 VIIlp.1100,
458 3008 492 3057 15
514 3004 641 3058 nostrum
663 3002 756 3056 locum
781 3001 921 3071 respicere
949 3003 1091 3072 putandus

77 3078 133 3142 est,
159 3078 189 3131 et
211 3092 280 3130 sane
303 3074 443 3128 scritura
465 3073 524 3128 eius
546 3073 603 3128 loci
624 3072 715 3126 tam
706 3075 813 3127 mcerta
836 3075 892 3141 est,
915 3074 948 3126 ut
970 3073 1036 3127 inde
1056 3073 1090 3130 de

75 3163 201 3216 numero,
240 3163 305 3201 uem
323 3145 353 3199 in
375 3145 440 3215 cat,
460 3137 602 3199 corollarii
615 3142 686 3197 nihil
700 3141 843 3197 adfirmari
856 3143 955 3211 possit
992 3143 1090 3210 itaque

75 3221 156 3288 puto,
174 3165 348 3272 Euilidcm'
340 3217 466 3286 ipsume
454 3213 529 3278 εἶδος
548 3214 692 3284 scripsisse
712 3216 741 3268 et
755 3213 907 3280 Thoonem,
927 3230 982 3281 quo
1002 3214 1092 3268 corol-

75 3289 179 3344 larium
203 3287 315 3343 facilius
338 3288 460 3358 pateret,
486 3288 614 3341 nostrum
636 3286 729 3341 locum
753 3287 876 3340 mutasse
900 3287 929 3339 et
952 3300 1030 3353 prop
1056 3291 1090 3339 20

77 3360 173 3416 coroll.
193 3358 380 3416 aadffidsse.
419 3359 469 3414 sed
486 3358 574 3412 uerba
594 3354 709 3423 ἐπείπερ
728 3355 776 3410 lin
798 3362 879 3410 12-
895 3358 977 3409 ΔΕΖ
991 3356 1039 3410 lin.
1058 3362 1091 3409 14

74 3431 247 3502 interpolata
270 3447 330 3486 esse
358 3429 530 3500 putauerim,
558 3443 648 3498 neque
668 3427 824 3498 Campanus
847 3445 881 3483 ea
904 3427 1015 3493 habuit;
1040 3427 1090 3481 sed

45 3564 52 3575 ,
76 3501 190 3566 Theone
209 3500 369 3572 antiquiora
387 3503 458 3556 sunt.
473 3576 495 3607 a

894 3594 908 3640 9
914 3588 930 3621 ³3
