2446 3938
334 192 609 244 ELEMENTORUM
626 192 736 243 LIBER
753 192 801 245 IX.
1012 187 1076 252 381

514 369 619 435 XVII.

130 490 165 558 si
191 494 351 578 quotlibet
380 495 508 560 numeri
531 495 683 578 deinceps
706 493 967 579 proportionales
993 497 1078 576 sunt,

65 603 97 663 et
129 601 264 665 extremi
295 623 406 666 eorum
433 601 517 666 inter
546 621 580 665 se
607 599 705 683 primi
734 603 826 682 sunt,
857 620 925 663 non
953 599 1015 663 erit
1043 602 1079 663 ut

62 706 191 790 primus
217 707 257 772 ad
280 708 464 792 seeundum,
487 709 533 772 ita
557 710 719 771 extremus
744 706 785 771 ad
810 706 909 771 alium
929 705 1077 788 aliquem.

63 862 178 900 ,,,,,,
183 851 205 899 A
242 850 438 901 ,,-,,-,Β
637 810 710 876 Sint
751 813 912 897 quotlibet
953 811 1080 876 numeri

62 957 265 1007 ,ss-,p
560 919 710 1002 deinceps
747 919 1006 1003 proportionales
1039 923 1080 1000 A,

10 1009 20 1015 ’
65 1074 69 1111 ,
295 1067 329 1113 ,Δ
499 1062 524 1112 Ε
559 1031 602 1104 Β,
621 1027 661 1109 Γ,
679 1030 726 1108 A,
755 1030 787 1090 et
809 1047 921 1090 eorum
945 1023 1080 1088 extremi

251 1130 525 1167 '‘ffl'
557 1139 598 1215 A,
620 1137 654 1196 A
684 1135 770 1198 inter
802 1155 837 1197 se
872 1125 973 1216 primi
1005 1131 1080 1196 sint.

65 1237 149 1320 dieo,
173 1261 239 1303 non
263 1262 347 1324 esse,
369 1244 406 1304 ut
429 1246 461 1303 A
483 1240 524 1304 ad
548 1243 591 1323 Β,
614 1240 661 1303 ita
685 1244 718 1302 A
742 1239 783 1302 ad
807 1238 906 1302 alium
929 1237 1079 1321 aliquem.

131 1343 218 1408 Nam
246 1347 273 1410 si
305 1346 376 1410 fieri
406 1349 529 1431 potest,
565 1347 608 1410 sit
635 1347 916 1410 A2B=A:E.
968 1344 1079 1426 itaque

67 1452 281 1534 permutando
305 1459 337 1517 A
356 1477 363 1516 t
381 1457 415 1516 A
435 1484 477 1505 =
496 1455 525 1516 B
545 1475 552 1516 :
572 1457 604 1516 E
626 1452 718 1536 [VIL
739 1454 803 1532 13].
850 1471 962 1515 uerum
983 1454 1026 1532 A,
1046 1453 1080 1513 A

67 1558 164 1640 primi
197 1562 285 1636 sunt,
322 1559 420 1642 primi
455 1562 563 1623 autem
594 1559 691 1623 etiam
724 1555 852 1622 minimi
886 1555 982 1638 ΝΠ,
1008 1556 1080 1638 21],

72 1663 198 1725 minimi
222 1668 330 1727 autem
352 1665 478 1729 numeri
502 1686 571 1747 eos,
595 1664 650 1747 qui
673 1662 809 1726 eandem
833 1661 995 1726 rationem
1022 1663 1080 1725 ha-

67 1767 155 1849 bent,
179 1769 356 1852 aequaliter
375 1770 558 1832 metiuntur
577 1766 664 1848 [VIL
683 1768 750 1851 201,
773 1767 966 1851 praecedens
989 1790 1080 1853 prae-

72 1874 239 1938 cedentem
262 1877 295 1938 et
319 1896 455 1958 sequens
480 1877 676 1957 sequentem.
722 1874 832 1956 itaque
855 1877 888 1936 A
910 1895 1080 1937 numerum

69 1983 97 2042 B
126 1979 267 2044 metitur.
315 1984 364 2043 est
391 1983 501 2043 autem
528 1984 560 2043 A
579 2001 586 2042 :
605 1984 633 2043 B
650 2008 691 2030 =
706 1983 734 2043 B
751 2002 758 2042 :
773 1981 810 2043 Γ.
856 2000 953 2063 quere
982 1980 1080 2042 etiam

69 2090 98 2149 B
126 2107 296 2150 numerum
324 2088 357 2149 Γ
385 2085 519 2150 metitur
543 2084 621 2166 [VII
643 2084 705 2150 def.
728 2085 796 2165 20].
841 2083 952 2167 itaque
980 2086 1080 2149 etiam

72 2178 105 2255 A
123 2213 292 2257 numerum
312 2194 346 2256 Γ
358 2193 502 2256 metitur.
539 2196 571 2256 et
590 2191 744 2277 quoniam
763 2194 812 2255 est
830 2193 1027 2256 B:r=r:
1039 2196 1081 2274 A,

74 2304 107 2363 et
128 2303 157 2363 B
180 2321 350 2364 numerum
373 2301 405 2363 Γ
424 2299 570 2383 metitur,
593 2299 692 2363 etiam
715 2301 747 2362 Γ
765 2318 936 2362 numerum
960 2303 994 2362 A
1016 2318 1080 2361 me·

69 2407 151 2470 titur
171 2405 249 2486 [VII
268 2405 329 2470 def.
344 2407 411 2486 20].
448 2427 560 2469 uerum
579 2411 611 2469 A
633 2426 803 2469 numerum
825 2407 858 2469 Γ
877 2405 1081 2470 metiebatur.

76 2533 175 2596 quare
203 2512 300 2575 etiam
328 2533 498 2575 numerum
526 2516 560 2575 A
586 2511 727 2577 metitur.
777 2533 890 2576 uerum
918 2511 1016 2575 etiam
1047 2531 1081 2574 se

72 2618 180 2702 ipsum
202 2618 345 2681 met‘tur.
386 2617 496 2700 itaque
520 2623 552 2680 A
573 2639 724 2682 numeros
748 2624 789 2701 A,
808 2623 842 2681 A
865 2618 1004 2699 met'tur,
1028 2617 1082 2700 qui

71 2724 156 2788 inter
180 2747 214 2788 se
237 2724 334 2808 primi
358 2727 446 2806 sunt3
471 2723 556 2807 quod
578 2724 650 2787 fieri
672 2745 739 2787 uon
761 2727 878 2807 potest.
916 2745 992 2808 ergo
1016 2745 1080 2787 non

71 2830 134 2894 erit
156 2833 193 2893 ut
215 2836 247 2894 A
270 2830 310 2894 ad
333 2834 376 2912 B,
405 2830 452 2894 ita
476 2834 509 2892 A
532 2829 694 2894 adolium
721 2829 875 2914 aliquem,
905 2829 989 2914 quod
1013 2832 1082 2895 erat

72 2935 368 3000 demonstrandum.

515 3074 636 3142 XVIII.

139 3183 233 3247 Datis
253 3183 381 3248 duobus
406 3183 558 3261 numeris,
581 3205 660 3247 num
682 3183 752 3247 fieri
774 3183 888 3267 possit,
911 3187 948 3247 ut
965 3183 1081 3248 tertius

72 3311 183 3355 eorum
202 3289 460 3387 ‘proportionalis
483 3289 682 3374 inuenietur,
705 3290 876 3374 inquirere.
