<?xml version="1.0" encoding="UTF-8"?>
<!DOCTYPE html PUBLIC "-//W3C//DTD XHTML 1.0 Transitional//EN"
    "http://www.w3.org/TR/xhtml1/DTD/xhtml1-transitional.dtd">
<html xmlns="http://www.w3.org/1999/xhtml" xml:lang="en" lang="en">
 <head>
  <title>
</title>
<meta http-equiv="Content-Type" content="text/html;charset=utf-8" />
  <meta name='ocr-system' content='tesseract 3.04.00' />
  <meta name='ocr-capabilities' content='ocr_page ocr_carea ocr_par ocr_line ocrx_word'/>
</head>
<body>
  <div class='ocr_page' id='page_1' title='image "./euclidisoperaom19unkngoog_0409.png"; bbox 0 0 2446 3938; ppageno 0'>
   <div class='ocr_carea' id='block_1_1' title="bbox 141 192 773 259">
    <p class='ocr_par' dir='ltr' id='par_1_1' title="bbox 141 192 773 259">
     <span class='ocr_line' id='line_1_1' title="bbox 141 192 773 259; baseline 0.008 -15"><span class='ocrx_word' id='word_1_1' title='bbox 141 195 207 259; x_wconf 84' lang='lat'><strong><em>380</em></strong></span> <span class='ocrx_word' id='word_1_2' title='bbox 511 195 711 248; x_wconf 76' lang='grc' dir='ltr'>ΣΤΟΙΧΕΙΩΝ</span> <span class='ocrx_word' id='word_1_3' title='bbox 729 192 773 249; x_wconf 75' lang='grc' dir='ltr'><strong><em>θ’.</em></strong></span> 
     </span>
    </p>
   </div>
   <div class='ocr_carea' id='block_1_2' title="bbox 92 334 1175 2753">
    <p class='ocr_par' dir='ltr' id='par_1_2' title="bbox 92 334 1175 2753">
     <span class='ocr_line' id='line_1_2' title="bbox 141 334 1175 428; baseline 0.004 -24"><span class='ocrx_word' id='word_1_4' title='bbox 141 345 277 422; x_wconf 83' lang='grc' dir='ltr'><strong><em>λογον,</em></strong></span> <span class='ocrx_word' id='word_1_5' title='bbox 306 337 346 402; x_wconf 81' lang='grc' dir='ltr'><strong><em>οῖ</em></strong></span> <span class='ocrx_word' id='word_1_6' title='bbox 372 335 413 404; x_wconf 74' lang='grc' dir='ltr'><strong><em>δὲ</em></strong></span> <span class='ocrx_word' id='word_1_7' title='bbox 440 334 557 422; x_wconf 76' lang='grc' dir='ltr'><strong><em>ἄκροι</em></strong></span> <span class='ocrx_word' id='word_1_8' title='bbox 584 335 715 404; x_wconf 80' lang='grc' dir='ltr'><strong><em>αὐτῶν</em></strong></span> <span class='ocrx_word' id='word_1_9' title='bbox 743 338 890 421; x_wconf 76' lang='grc' dir='ltr'><strong><em>πρῶτοι</em></strong></span> <span class='ocrx_word' id='word_1_10' title='bbox 918 336 1024 425; x_wconf 84' lang='grc' dir='ltr'><strong><em>πρὸς</em></strong></span> <span class='ocrx_word' id='word_1_11' title='bbox 1047 337 1175 428; x_wconf 74' lang='grc' dir='ltr'><strong><em>ἀλλή-</em></strong></span> 
     </span>
     <span class='ocr_line' id='line_1_3' title="bbox 141 433 1173 531; baseline 0.004 -21"><span class='ocrx_word' id='word_1_12' title='bbox 141 450 234 521; x_wconf 87' lang='grc' dir='ltr'><strong><em>λους</em></strong></span> <span class='ocrx_word' id='word_1_13' title='bbox 267 433 380 527; x_wconf 76' lang='grc' dir='ltr'><strong><em>ὦσιν,</em></strong></span> <span class='ocrx_word' id='word_1_14' title='bbox 414 440 485 509; x_wconf 85' lang='grc' dir='ltr'><strong><em>οὐκ</em></strong></span> <span class='ocrx_word' id='word_1_15' title='bbox 515 447 625 509; x_wconf 81' lang='grc' dir='ltr'><strong><em>ἔσται</em></strong></span> <span class='ocrx_word' id='word_1_16' title='bbox 654 439 703 523; x_wconf 81' lang='grc' dir='ltr'><strong><em>ὡς</em></strong></span> <span class='ocrx_word' id='word_1_17' title='bbox 731 439 748 510; x_wconf 94' lang='lat'><em>6</em></span> <span class='ocrx_word' id='word_1_18' title='bbox 777 445 932 529; x_wconf 77' lang='grc' dir='ltr'><strong><em>πρῶτος</em></strong></span> <span class='ocrx_word' id='word_1_19' title='bbox 957 443 1066 531; x_wconf 78' lang='grc' dir='ltr'><strong><em>πρὸς</em></strong></span> <span class='ocrx_word' id='word_1_20' title='bbox 1100 443 1173 514; x_wconf 85' lang='grc' dir='ltr'><strong><em>τὸν</em></strong></span> 
     </span>
     <span class='ocr_line' id='line_1_4' title="bbox 143 545 1127 635; baseline 0.004 -19"><span class='ocrx_word' id='word_1_21' title='bbox 143 547 348 635; x_wconf 77' lang='grc' dir='ltr'><em>δεύτερον,</em></span> <span class='ocrx_word' id='word_1_22' title='bbox 373 545 496 627; x_wconf 83' lang='grc' dir='ltr'><strong><em>οὕτως</em></strong></span> <span class='ocrx_word' id='word_1_23' title='bbox 520 546 538 616; x_wconf 92' lang='lat'><em>6</em></span> <span class='ocrx_word' id='word_1_24' title='bbox 562 553 726 635; x_wconf 81' lang='grc' dir='ltr'><em>ἔσχατος</em></span> <span class='ocrx_word' id='word_1_25' title='bbox 748 545 844 634; x_wconf 83' lang='grc' dir='ltr'><strong><em>πρὸς</em></strong></span> <span class='ocrx_word' id='word_1_26' title='bbox 867 545 993 616; x_wconf 73' lang='grc' dir='ltr'><strong><em>ἄλλον</em></strong></span> <span class='ocrx_word' id='word_1_27' title='bbox 1017 551 1127 630; x_wconf 80' lang='grc' dir='ltr'><strong><em>τινά.</em></strong></span> 
     </span>
     <span class='ocr_line' id='line_1_5' title="bbox 200 650 1171 744; baseline 0.003 -22"><span class='ocrx_word' id='word_1_28' title='bbox 200 654 375 722; x_wconf 85' lang='grc' dir='ltr'><strong><em>Ἔστωσαν</em></strong></span> <span class='ocrx_word' id='word_1_29' title='bbox 408 650 657 740; x_wconf 77' lang='grc' dir='ltr'><strong><em>ὁσοιδηποτοῦν</em></strong></span> <span class='ocrx_word' id='word_1_30' title='bbox 692 651 835 742; x_wconf 77' lang='grc' dir='ltr'><strong><em>ἀριθμοὶ</em></strong></span> <span class='ocrx_word' id='word_1_31' title='bbox 873 655 948 740; x_wconf 81' lang='grc' dir='ltr'><strong><em>ἑξῆς</em></strong></span> <span class='ocrx_word' id='word_1_32' title='bbox 986 651 1171 744; x_wconf 76' lang='grc' dir='ltr'><strong><em>ἀνάλογον</em></strong></span> 
     </span>
     <span class='ocr_line' id='line_1_6' title="bbox 107 757 1169 851; baseline 0.008 -28"><span class='ocrx_word' id='word_1_33' title='bbox 107 764 178 827; x_wconf 78' lang='grc' dir='ltr'><strong><em>σοί</em></strong></span> <span class='ocrx_word' id='word_1_34' title='bbox 198 772 242 847; x_wconf 90' lang='grc' dir='ltr'><strong><em>Α,</em></strong></span> <span class='ocrx_word' id='word_1_35' title='bbox 262 768 305 845; x_wconf 89' lang='grc' dir='ltr'><strong><em>Β,</em></strong></span> <span class='ocrx_word' id='word_1_36' title='bbox 324 766 368 846; x_wconf 92' lang='grc' dir='ltr'><strong><em>Γ,</em></strong></span> <span class='ocrx_word' id='word_1_37' title='bbox 388 768 434 846; x_wconf 87' lang='grc' dir='ltr'><strong><em>Δ,</em></strong></span> <span class='ocrx_word' id='word_1_38' title='bbox 464 763 499 826; x_wconf 79' lang='grc' dir='ltr'><strong><em>ολ</em></strong></span> <span class='ocrx_word' id='word_1_39' title='bbox 519 760 556 827; x_wconf 73' lang='grc' dir='ltr'><strong><em>δὲ</em></strong></span> <span class='ocrx_word' id='word_1_40' title='bbox 579 759 679 847; x_wconf 76' lang='grc' dir='ltr'><strong><em>ἄκροι</em></strong></span> <span class='ocrx_word' id='word_1_41' title='bbox 702 757 814 827; x_wconf 75' lang='grc' dir='ltr'><strong><em>αὐτῶν</em></strong></span> <span class='ocrx_word' id='word_1_42' title='bbox 843 762 879 827; x_wconf 78' lang='grc' dir='ltr'><strong><em>ολ</em></strong></span> <span class='ocrx_word' id='word_1_43' title='bbox 902 768 1006 844; x_wconf 91' lang='grc' dir='ltr'><strong><em>Α,Δ</em></strong></span> <span class='ocrx_word' id='word_1_44' title='bbox 1033 766 1169 851; x_wconf 71' lang='grc' dir='ltr'><strong><em>πρῶτον</em></strong></span> 
     </span>
     <span class='ocr_line' id='line_1_7' title="bbox 142 862 1167 952; baseline 0.004 -20"><span class='ocrx_word' id='word_1_45' title='bbox 142 865 225 952; x_wconf 84' lang='grc' dir='ltr'><strong><em>πρὸς</em></strong></span> <span class='ocrx_word' id='word_1_46' title='bbox 252 865 419 952; x_wconf 75' lang='grc' dir='ltr'><strong><em>ἀλλήλους</em></strong></span> <span class='ocrx_word' id='word_1_47' title='bbox 446 871 607 934; x_wconf 80' lang='grc' dir='ltr'><strong><em>ἔστωσαν·</em></strong></span> <span class='ocrx_word' id='word_1_48' title='bbox 641 866 741 951; x_wconf 76' lang='grc' dir='ltr'><strong><em>λέγω,</em></strong></span> <span class='ocrx_word' id='word_1_49' title='bbox 775 862 826 932; x_wconf 81' lang='grc' dir='ltr'><strong><em>ὅτι</em></strong></span> <span class='ocrx_word' id='word_1_50' title='bbox 854 863 917 931; x_wconf 82' lang='grc' dir='ltr'><strong><em>οὐκ</em></strong></span> <span class='ocrx_word' id='word_1_51' title='bbox 944 869 1040 933; x_wconf 81' lang='grc' dir='ltr'><strong><em>ἔστιν</em></strong></span> <span class='ocrx_word' id='word_1_52' title='bbox 1071 865 1120 948; x_wconf 75' lang='grc' dir='ltr'><strong><em>ὡς</em></strong></span> <span class='ocrx_word' id='word_1_53' title='bbox 1149 865 1167 935; x_wconf 94' lang='lat'><em>6</em></span> 
     </span>
     <span class='ocr_line' id='line_1_8' title="bbox 142 969 998 1059; baseline -0.002 -20"><span class='ocrx_word' id='word_1_54' title='bbox 142 982 174 1039; x_wconf 99' lang='lat' dir='ltr'><em>A</em></span> <span class='ocrx_word' id='word_1_55' title='bbox 196 970 279 1057; x_wconf 83' lang='grc' dir='ltr'><strong><em>πρὸς</em></strong></span> <span class='ocrx_word' id='word_1_56' title='bbox 301 970 362 1039; x_wconf 87' lang='grc' dir='ltr'><strong><em>τὸν</em></strong></span> <span class='ocrx_word' id='word_1_57' title='bbox 385 979 427 1059; x_wconf 98' lang='grc' dir='ltr'><strong><em>Β,</em></strong></span> <span class='ocrx_word' id='word_1_58' title='bbox 452 970 558 1051; x_wconf 81' lang='grc' dir='ltr'><strong><em>οὕτως</em></strong></span> <span class='ocrx_word' id='word_1_59' title='bbox 580 969 599 1039; x_wconf 91' lang='lat'><em>6</em></span> <span class='ocrx_word' id='word_1_60' title='bbox 623 980 656 1038; x_wconf 99' lang='lat' dir='ltr'><em>A</em></span> <span class='ocrx_word' id='word_1_61' title='bbox 678 969 761 1057; x_wconf 83' lang='grc' dir='ltr'><strong><em>πρὸς</em></strong></span> <span class='ocrx_word' id='word_1_62' title='bbox 783 969 888 1039; x_wconf 76' lang='grc' dir='ltr'><strong><em>ἄλλον</em></strong></span> <span class='ocrx_word' id='word_1_63' title='bbox 910 969 998 1038; x_wconf 80' lang='grc' dir='ltr'><strong><em>τινά.</em></strong></span> 
     </span>
     <span class='ocr_line' id='line_1_9' title="bbox 211 1075 1167 1165; baseline 0.002 -21"><span class='ocrx_word' id='word_1_64' title='bbox 211 1083 255 1145; x_wconf 77' lang='lat' dir='ltr'><strong><em>Ec</em></strong></span> <span class='ocrx_word' id='word_1_65' title='bbox 280 1079 344 1165; x_wconf 81' lang='grc' dir='ltr'><strong><em>γὰρ</em></strong></span> <span class='ocrx_word' id='word_1_66' title='bbox 368 1077 532 1164; x_wconf 76' lang='grc' dir='ltr'><strong><em>δυνατόν,</em></strong></span> <span class='ocrx_word' id='word_1_67' title='bbox 560 1084 642 1146; x_wconf 81' lang='grc' dir='ltr'><strong><em>ἔστω</em></strong></span> <span class='ocrx_word' id='word_1_68' title='bbox 667 1076 713 1159; x_wconf 78' lang='grc' dir='ltr'><strong><em>ὥς</em></strong></span> <span class='ocrx_word' id='word_1_69' title='bbox 736 1075 754 1145; x_wconf 92' lang='lat'><em>6</em></span> <span class='ocrx_word' id='word_1_70' title='bbox 778 1085 811 1144; x_wconf 90' lang='lat' dir='ltr'><em>A</em></span> <span class='ocrx_word' id='word_1_71' title='bbox 834 1075 917 1164; x_wconf 85' lang='grc' dir='ltr'><strong><em>πρὸς</em></strong></span> <span class='ocrx_word' id='word_1_72' title='bbox 939 1089 1001 1145; x_wconf 84' lang='grc' dir='ltr'><strong><em>τὸν</em></strong></span> <span class='ocrx_word' id='word_1_73' title='bbox 1025 1085 1074 1164; x_wconf 84' lang='grc' dir='ltr'><strong><em>Β,</em></strong></span> <span class='ocrx_word' id='word_1_74' title='bbox 1109 1076 1167 1146; x_wconf 79' lang='grc' dir='ltr'><strong><em>οὕ-</em></strong></span> 
     </span>
     <span class='ocr_line' id='line_1_10' title="bbox 142 1180 1167 1271; baseline -0.001 -20"><span class='ocrx_word' id='word_1_75' title='bbox 142 1211 206 1264; x_wconf 88' lang='grc' dir='ltr'><strong><em>τως</em></strong></span> <span class='ocrx_word' id='word_1_76' title='bbox 238 1181 256 1252; x_wconf 90' lang='lat'><em>6</em></span> <span class='ocrx_word' id='word_1_77' title='bbox 286 1192 320 1250; x_wconf 97' lang='lat' dir='ltr'><em>A</em></span> <span class='ocrx_word' id='word_1_78' title='bbox 346 1182 429 1269; x_wconf 80' lang='grc' dir='ltr'><strong><em>πρὸς</em></strong></span> <span class='ocrx_word' id='word_1_79' title='bbox 455 1183 516 1251; x_wconf 87' lang='grc' dir='ltr'><strong><em>τὸν</em></strong></span> <span class='ocrx_word' id='word_1_80' title='bbox 543 1191 585 1250; x_wconf 85' lang='grc' dir='ltr'><strong><em>Ε·</em></strong></span> <span class='ocrx_word' id='word_1_81' title='bbox 619 1183 759 1264; x_wconf 78' lang='grc' dir='ltr'><strong><em>ἐναλλὰξ</em></strong></span> <span class='ocrx_word' id='word_1_82' title='bbox 788 1182 854 1271; x_wconf 73' lang='grc' dir='ltr'><strong><em>ἄρα</em></strong></span> <span class='ocrx_word' id='word_1_83' title='bbox 882 1183 971 1252; x_wconf 79' lang='grc' dir='ltr'><strong><em>ἐστὶν</em></strong></span> <span class='ocrx_word' id='word_1_84' title='bbox 1002 1180 1046 1263; x_wconf 82' lang='grc' dir='ltr'><strong><em>ὥς</em></strong></span> <span class='ocrx_word' id='word_1_85' title='bbox 1084 1181 1104 1252; x_wconf 90' lang='lat'><em>6</em></span> <span class='ocrx_word' id='word_1_86' title='bbox 1133 1192 1167 1250; x_wconf 90' lang='lat' dir='ltr'><em>A</em></span> 
     </span>
     <span class='ocr_line' id='line_1_11' title="bbox 93 1287 1163 1377; baseline -0.001 -18"><span class='ocrx_word' id='word_1_87' title='bbox 93 1310 126 1359; x_wconf 91' lang='lat'><strong><em>10</em></strong></span> <span class='ocrx_word' id='word_1_88' title='bbox 145 1288 227 1377; x_wconf 85' lang='grc' dir='ltr'><strong><em>πρὸς</em></strong></span> <span class='ocrx_word' id='word_1_89' title='bbox 249 1288 310 1358; x_wconf 87' lang='grc' dir='ltr'><strong><em>τὸν</em></strong></span> <span class='ocrx_word' id='word_1_90' title='bbox 333 1298 381 1374; x_wconf 91' lang='lat' dir='ltr'><em>A,</em></span> <span class='ocrx_word' id='word_1_91' title='bbox 406 1288 424 1358; x_wconf 91' lang='lat'><em>6</em></span> <span class='ocrx_word' id='word_1_92' title='bbox 449 1298 477 1357; x_wconf 90' lang='grc' dir='ltr'>Β</span> <span class='ocrx_word' id='word_1_93' title='bbox 501 1287 584 1377; x_wconf 84' lang='grc' dir='ltr'><strong><em>πρὸς</em></strong></span> <span class='ocrx_word' id='word_1_94' title='bbox 607 1288 667 1356; x_wconf 86' lang='grc' dir='ltr'><strong><em>τὸν</em></strong></span> <span class='ocrx_word' id='word_1_95' title='bbox 691 1297 730 1357; x_wconf 84' lang='grc' dir='ltr'><strong><em>Ε.</em></strong></span> <span class='ocrx_word' id='word_1_96' title='bbox 776 1292 812 1358; x_wconf 80' lang='grc' dir='ltr'><strong><em>οἱ</em></strong></span> <span class='ocrx_word' id='word_1_97' title='bbox 832 1289 870 1358; x_wconf 72' lang='lat'><strong><em>66</em></strong></span> <span class='ocrx_word' id='word_1_98' title='bbox 894 1298 940 1376; x_wconf 92' lang='lat' dir='ltr'><em>A,</em></span> <span class='ocrx_word' id='word_1_99' title='bbox 961 1297 995 1356; x_wconf 92' lang='lat' dir='ltr'><em>A</em></span> <span class='ocrx_word' id='word_1_100' title='bbox 1017 1293 1163 1377; x_wconf 81' lang='grc' dir='ltr'><strong><em>πρῶτοι,</em></strong></span> 
     </span>
     <span class='ocr_line' id='line_1_12' title="bbox 145 1392 1165 1483; baseline -0.003 -18"><span class='ocrx_word' id='word_1_101' title='bbox 145 1400 179 1465; x_wconf 78' lang='grc' dir='ltr'><strong><em>οἱ</em></strong></span> <span class='ocrx_word' id='word_1_102' title='bbox 201 1396 238 1463; x_wconf 75' lang='grc' dir='ltr'><strong><em>δὲ</em></strong></span> <span class='ocrx_word' id='word_1_103' title='bbox 260 1400 385 1483; x_wconf 76' lang='grc' dir='ltr'><strong><em>πρῶτοι</em></strong></span> <span class='ocrx_word' id='word_1_104' title='bbox 408 1396 464 1462; x_wconf 84' lang='grc' dir='ltr'><strong><em>καὶ</em></strong></span> <span class='ocrx_word' id='word_1_105' title='bbox 488 1394 669 1480; x_wconf 78' lang='grc' dir='ltr'><strong><em>ἐλάχιστοι,</em></strong></span> <span class='ocrx_word' id='word_1_106' title='bbox 698 1398 733 1462; x_wconf 77' lang='grc' dir='ltr'><strong><em>οἱ</em></strong></span> <span class='ocrx_word' id='word_1_107' title='bbox 759 1395 797 1463; x_wconf 74' lang='grc' dir='ltr'><strong><em>δὲ</em></strong></span> <span class='ocrx_word' id='word_1_108' title='bbox 821 1394 988 1483; x_wconf 78' lang='grc' dir='ltr'><strong><em>ἐλάχιστοι</em></strong></span> <span class='ocrx_word' id='word_1_109' title='bbox 1017 1392 1165 1483; x_wconf 73' lang='grc' dir='ltr'><strong><em>ἀριθμοὶ</em></strong></span> 
     </span>
     <span class='ocr_line' id='line_1_13' title="bbox 144 1498 1164 1589; baseline 0 -20"><span class='ocrx_word' id='word_1_110' title='bbox 144 1506 302 1589; x_wconf 80' lang='grc' dir='ltr'><em>μετροῦσι</em></span> <span class='ocrx_word' id='word_1_111' title='bbox 324 1500 404 1580; x_wconf 85' lang='grc' dir='ltr'><strong><em>τοὺς</em></strong></span> <span class='ocrx_word' id='word_1_112' title='bbox 426 1499 486 1568; x_wconf 89' lang='grc' dir='ltr'><strong><em>τὸν</em></strong></span> <span class='ocrx_word' id='word_1_113' title='bbox 509 1498 614 1568; x_wconf 79' lang='grc' dir='ltr'><strong><em>αὐτὸν</em></strong></span> <span class='ocrx_word' id='word_1_114' title='bbox 642 1501 746 1588; x_wconf 81' lang='grc' dir='ltr'><strong><em>λόγον</em></strong></span> <span class='ocrx_word' id='word_1_115' title='bbox 775 1506 912 1588; x_wconf 78' lang='grc' dir='ltr'><strong><em>ἔχοντας</em></strong></span> <span class='ocrx_word' id='word_1_116' title='bbox 939 1499 1050 1580; x_wconf 71' lang='grc' dir='ltr'><strong><em>ἰσάκις</em></strong></span> <span class='ocrx_word' id='word_1_117' title='bbox 1081 1499 1102 1570; x_wconf 85' lang='grc' dir='ltr'>ὅ</span> <span class='ocrx_word' id='word_1_118' title='bbox 1129 1527 1164 1569; x_wconf 89' lang='grc' dir='ltr'><strong><em>τε</em></strong></span> 
     </span>
     <span class='ocr_line' id='line_1_14' title="bbox 143 1603 1164 1694; baseline 0.002 -21"><span class='ocrx_word' id='word_1_119' title='bbox 143 1605 330 1694; x_wconf 81' lang='grc' dir='ltr'><strong><em>ἡγούμενος</em></strong></span> <span class='ocrx_word' id='word_1_120' title='bbox 361 1603 421 1674; x_wconf 85' lang='grc' dir='ltr'><strong><em>τὸν</em></strong></span> <span class='ocrx_word' id='word_1_121' title='bbox 455 1604 646 1693; x_wconf 80' lang='grc' dir='ltr'><strong><em>ἡγούμενον</em></strong></span> <span class='ocrx_word' id='word_1_122' title='bbox 673 1607 729 1675; x_wconf 82' lang='grc' dir='ltr'><strong><em>καὶ</em></strong></span> <span class='ocrx_word' id='word_1_123' title='bbox 757 1604 775 1674; x_wconf 90' lang='lat'><em>6</em></span> <span class='ocrx_word' id='word_1_124' title='bbox 806 1607 968 1694; x_wconf 83' lang='grc' dir='ltr'><strong><em>ἑπόμενος</em></strong></span> <span class='ocrx_word' id='word_1_125' title='bbox 995 1605 1057 1674; x_wconf 89' lang='grc' dir='ltr'><strong><em>τὸν</em></strong></span> <span class='ocrx_word' id='word_1_126' title='bbox 1089 1606 1164 1675; x_wconf 79' lang='grc' dir='ltr'><em>ἑπό-</em></span> 
     </span>
     <span class='ocr_line' id='line_1_15' title="bbox 144 1709 1166 1801; baseline 0.002 -21"><span class='ocrx_word' id='word_1_127' title='bbox 144 1737 256 1800; x_wconf 88' lang='grc' dir='ltr'><em>μενον.</em></span> <span class='ocrx_word' id='word_1_128' title='bbox 302 1725 415 1799; x_wconf 78' lang='grc' dir='ltr'><em>μετρεῖ</em></span> <span class='ocrx_word' id='word_1_129' title='bbox 435 1711 502 1801; x_wconf 76' lang='grc' dir='ltr'><strong><em>ἄρα</em></strong></span> <span class='ocrx_word' id='word_1_130' title='bbox 530 1709 548 1779; x_wconf 89' lang='lat'><em>6</em></span> <span class='ocrx_word' id='word_1_131' title='bbox 577 1720 610 1779; x_wconf 93' lang='lat' dir='ltr'><em>A</em></span> <span class='ocrx_word' id='word_1_132' title='bbox 632 1710 693 1780; x_wconf 88' lang='grc' dir='ltr'><strong><em>τὸν</em></strong></span> <span class='ocrx_word' id='word_1_133' title='bbox 721 1720 758 1780; x_wconf 90' lang='grc' dir='ltr'><strong><em>Β.</em></strong></span> <span class='ocrx_word' id='word_1_134' title='bbox 804 1719 864 1781; x_wconf 89' lang='grc' dir='ltr'><strong><em>καί</em></strong></span> <span class='ocrx_word' id='word_1_135' title='bbox 889 1716 977 1782; x_wconf 77' lang='grc' dir='ltr'><strong><em>ἐστιν</em></strong></span> <span class='ocrx_word' id='word_1_136' title='bbox 1009 1710 1055 1794; x_wconf 82' lang='grc' dir='ltr'><strong><em>ὡς</em></strong></span> <span class='ocrx_word' id='word_1_137' title='bbox 1086 1741 1105 1782; x_wconf 94' lang='grc' dir='ltr'><strong><em>ο</em></strong></span> <span class='ocrx_word' id='word_1_138' title='bbox 1134 1722 1166 1781; x_wconf 93' lang='lat' dir='ltr'><em>A</em></span> 
     </span>
     <span class='ocr_line' id='line_1_16' title="bbox 92 1815 1169 1905; baseline 0 -19"><span class='ocrx_word' id='word_1_139' title='bbox 92 1848 124 1897; x_wconf 80' lang='lat'><strong><em>15</em></strong></span> <span class='ocrx_word' id='word_1_140' title='bbox 143 1816 227 1905; x_wconf 85' lang='grc' dir='ltr'><strong><em>πρὸς</em></strong></span> <span class='ocrx_word' id='word_1_141' title='bbox 254 1817 315 1886; x_wconf 87' lang='grc' dir='ltr'><strong><em>τὸν</em></strong></span> <span class='ocrx_word' id='word_1_142' title='bbox 338 1825 382 1905; x_wconf 91' lang='grc' dir='ltr'><strong><em>Β,</em></strong></span> <span class='ocrx_word' id='word_1_143' title='bbox 412 1815 430 1886; x_wconf 88' lang='lat'><em>6</em></span> <span class='ocrx_word' id='word_1_144' title='bbox 454 1826 482 1886; x_wconf 93' lang='grc' dir='ltr'>Β</span> <span class='ocrx_word' id='word_1_145' title='bbox 506 1817 589 1905; x_wconf 84' lang='grc' dir='ltr'><strong><em>πρὸς</em></strong></span> <span class='ocrx_word' id='word_1_146' title='bbox 610 1817 671 1887; x_wconf 87' lang='grc' dir='ltr'><strong><em>τὸν</em></strong></span> <span class='ocrx_word' id='word_1_147' title='bbox 694 1825 730 1888; x_wconf 94' lang='grc' dir='ltr'><strong><em>Γ.</em></strong></span> <span class='ocrx_word' id='word_1_148' title='bbox 771 1821 827 1887; x_wconf 78' lang='grc' dir='ltr'><strong><em>καὶ</em></strong></span> <span class='ocrx_word' id='word_1_149' title='bbox 857 1818 874 1888; x_wconf 93' lang='lat'><em>6</em></span> <span class='ocrx_word' id='word_1_150' title='bbox 899 1827 927 1887; x_wconf 92' lang='grc' dir='ltr'>Β</span> <span class='ocrx_word' id='word_1_151' title='bbox 951 1817 1019 1904; x_wconf 79' lang='grc' dir='ltr'><strong><em>ἄρα</em></strong></span> <span class='ocrx_word' id='word_1_152' title='bbox 1047 1818 1114 1889; x_wconf 85' lang='grc' dir='ltr'><strong><em>τὸν</em></strong></span> <span class='ocrx_word' id='word_1_153' title='bbox 1137 1824 1169 1886; x_wconf 91' lang='grc' dir='ltr'>Γ</span> 
     </span>
     <span class='ocr_line' id='line_1_17' title="bbox 113 1922 1165 2013; baseline 0 -20"><span class='ocrx_word' id='word_1_154' title='bbox 113 1953 121 1965; x_wconf 92' lang='grc'><em>·</em></span> <span class='ocrx_word' id='word_1_155' title='bbox 144 1938 268 2013; x_wconf 89' lang='grc' dir='ltr'><em>μετρεῖ·</em></span> <span class='ocrx_word' id='word_1_156' title='bbox 297 1922 381 1992; x_wconf 75' lang='grc' dir='ltr'><em>ὥστε</em></span> <span class='ocrx_word' id='word_1_157' title='bbox 408 1924 464 1991; x_wconf 84' lang='grc' dir='ltr'><strong><em>καὶ</em></strong></span> <span class='ocrx_word' id='word_1_158' title='bbox 493 1922 511 1991; x_wconf 89' lang='lat'><em>6</em></span> <span class='ocrx_word' id='word_1_159' title='bbox 535 1933 568 1992; x_wconf 91' lang='lat' dir='ltr'><em>A</em></span> <span class='ocrx_word' id='word_1_160' title='bbox 589 1951 650 1992; x_wconf 91' lang='grc' dir='ltr'><strong><em>τον</em></strong></span> <span class='ocrx_word' id='word_1_161' title='bbox 674 1931 706 1992; x_wconf 93' lang='grc' dir='ltr'>Γ</span> <span class='ocrx_word' id='word_1_162' title='bbox 732 1939 850 2013; x_wconf 90' lang='grc' dir='ltr'><em>μετρεῖ.</em></span> <span class='ocrx_word' id='word_1_163' title='bbox 895 1925 951 1993; x_wconf 84' lang='grc' dir='ltr'><strong><em>καλ</em></strong></span> <span class='ocrx_word' id='word_1_164' title='bbox 974 1925 1049 1993; x_wconf 77' lang='grc' dir='ltr'><em>ἐπεί</em></span> <span class='ocrx_word' id='word_1_165' title='bbox 1071 1928 1165 1994; x_wconf 79' lang='grc' dir='ltr'><strong><em>ἐστιν</em></strong></span> 
     </span>
     <span class='ocr_line' id='line_1_18' title="bbox 145 2028 1165 2119; baseline 0 -19"><span class='ocrx_word' id='word_1_166' title='bbox 145 2029 190 2112; x_wconf 78' lang='grc' dir='ltr'><strong><em>ὡς</em></strong></span> <span class='ocrx_word' id='word_1_167' title='bbox 218 2029 236 2100; x_wconf 97' lang='lat'><em>6</em></span> <span class='ocrx_word' id='word_1_168' title='bbox 265 2039 293 2099; x_wconf 89' lang='grc' dir='ltr'>Β</span> <span class='ocrx_word' id='word_1_169' title='bbox 321 2056 405 2118; x_wconf 84' lang='grc' dir='ltr'><strong><em>προς</em></strong></span> <span class='ocrx_word' id='word_1_170' title='bbox 432 2056 492 2097; x_wconf 89' lang='grc' dir='ltr'><strong><em>τον</em></strong></span> <span class='ocrx_word' id='word_1_171' title='bbox 515 2036 557 2118; x_wconf 94' lang='grc' dir='ltr'><strong><em>Γ,</em></strong></span> <span class='ocrx_word' id='word_1_172' title='bbox 585 2028 603 2098; x_wconf 92' lang='lat'><em>6</em></span> <span class='ocrx_word' id='word_1_173' title='bbox 627 2036 660 2098; x_wconf 91' lang='grc' dir='ltr'><strong>Γ</strong></span> <span class='ocrx_word' id='word_1_174' title='bbox 681 2055 766 2119; x_wconf 81' lang='grc' dir='ltr'><strong><em>προς</em></strong></span> <span class='ocrx_word' id='word_1_175' title='bbox 787 2059 849 2100; x_wconf 92' lang='grc' dir='ltr'><strong><em>τον</em></strong></span> <span class='ocrx_word' id='word_1_176' title='bbox 872 2040 920 2118; x_wconf 90' lang='grc' dir='ltr'><strong><em>Λ,</em></strong></span> <span class='ocrx_word' id='word_1_177' title='bbox 943 2044 1059 2118; x_wconf 80' lang='grc' dir='ltr'><em>μετρεῖ</em></span> <span class='ocrx_word' id='word_1_178' title='bbox 1083 2032 1124 2100; x_wconf 72' lang='grc' dir='ltr'><strong><em>δὲ</em></strong></span> <span class='ocrx_word' id='word_1_179' title='bbox 1147 2028 1165 2100; x_wconf 89' lang='lat'><em>6</em></span> 
     </span>
     <span class='ocr_line' id='line_1_19' title="bbox 144 2134 1168 2224; baseline 0.001 -19"><span class='ocrx_word' id='word_1_180' title='bbox 144 2147 173 2205; x_wconf 92' lang='lat' dir='ltr'><em>B</em></span> <span class='ocrx_word' id='word_1_181' title='bbox 201 2165 263 2206; x_wconf 92' lang='grc' dir='ltr'><strong><em>τον</em></strong></span> <span class='ocrx_word' id='word_1_182' title='bbox 291 2144 335 2223; x_wconf 92' lang='grc' dir='ltr'><strong><em>Γ,</em></strong></span> <span class='ocrx_word' id='word_1_183' title='bbox 368 2148 481 2224; x_wconf 87' lang='grc' dir='ltr'><em>μετρεῖ</em></span> <span class='ocrx_word' id='word_1_184' title='bbox 510 2135 577 2224; x_wconf 76' lang='grc' dir='ltr'><strong><em>ἄρα</em></strong></span> <span class='ocrx_word' id='word_1_185' title='bbox 604 2137 659 2204; x_wconf 80' lang='grc' dir='ltr'><strong><em>καὶ</em></strong></span> <span class='ocrx_word' id='word_1_186' title='bbox 688 2134 706 2205; x_wconf 92' lang='lat'><em>6</em></span> <span class='ocrx_word' id='word_1_187' title='bbox 739 2144 772 2205; x_wconf 91' lang='grc' dir='ltr'><strong><em>Γ</em></strong></span> <span class='ocrx_word' id='word_1_188' title='bbox 798 2141 859 2207; x_wconf 85' lang='grc' dir='ltr'><strong><em>τὸν</em></strong></span> <span class='ocrx_word' id='word_1_189' title='bbox 892 2146 934 2206; x_wconf 91' lang='grc' dir='ltr'><strong><em>Δ.</em></strong></span> <span class='ocrx_word' id='word_1_190' title='bbox 976 2134 1053 2206; x_wconf 77' lang='grc' dir='ltr'><strong><em>ἀλλ’</em></strong></span> <span class='ocrx_word' id='word_1_191' title='bbox 1086 2137 1106 2206; x_wconf 92' lang='lat'><em>6</em></span> <span class='ocrx_word' id='word_1_192' title='bbox 1135 2145 1168 2206; x_wconf 91' lang='lat' dir='ltr'><em>A</em></span> 
     </span>
     <span class='ocr_line' id='line_1_20' title="bbox 144 2239 1169 2333; baseline 0 -23"><span class='ocrx_word' id='word_1_193' title='bbox 144 2271 206 2312; x_wconf 91' lang='grc' dir='ltr'><strong><em>τον</em></strong></span> <span class='ocrx_word' id='word_1_194' title='bbox 229 2250 261 2311; x_wconf 90' lang='grc' dir='ltr'><strong><em>Γ</em></strong></span> <span class='ocrx_word' id='word_1_195' title='bbox 281 2244 419 2332; x_wconf 78' lang='grc' dir='ltr'><em>ἐμέτρει·</em></span> <span class='ocrx_word' id='word_1_196' title='bbox 449 2239 533 2309; x_wconf 78' lang='grc' dir='ltr'><em>ὥστε</em></span> <span class='ocrx_word' id='word_1_197' title='bbox 557 2240 575 2310; x_wconf 89' lang='grc' dir='ltr'>ὁ</span> <span class='ocrx_word' id='word_1_198' title='bbox 598 2253 631 2310; x_wconf 91' lang='lat' dir='ltr'><em>A</em></span> <span class='ocrx_word' id='word_1_199' title='bbox 658 2244 713 2310; x_wconf 79' lang='grc' dir='ltr'><strong><em>καὶ</em></strong></span> <span class='ocrx_word' id='word_1_200' title='bbox 736 2270 798 2312; x_wconf 94' lang='grc' dir='ltr'><strong><em>τον</em></strong></span> <span class='ocrx_word' id='word_1_201' title='bbox 823 2253 856 2312; x_wconf 95' lang='lat' dir='ltr'><em>A</em></span> <span class='ocrx_word' id='word_1_202' title='bbox 884 2255 1002 2331; x_wconf 88' lang='grc' dir='ltr'><em>μετρεῖ.</em></span> <span class='ocrx_word' id='word_1_203' title='bbox 1050 2256 1169 2333; x_wconf 85' lang='grc' dir='ltr'><em>μετρεῖ</em></span> 
     </span>
     <span class='ocr_line' id='line_1_21' title="bbox 92 2345 1169 2438; baseline 0.002 -21"><span class='ocrx_word' id='word_1_204' title='bbox 92 2376 126 2425; x_wconf 77' lang='lat'><strong><em>20</em></strong></span> <span class='ocrx_word' id='word_1_205' title='bbox 146 2350 183 2417; x_wconf 75' lang='grc' dir='ltr'><strong><em>δὲ</em></strong></span> <span class='ocrx_word' id='word_1_206' title='bbox 205 2350 261 2417; x_wconf 81' lang='grc' dir='ltr'><strong><em>καὶ</em></strong></span> <span class='ocrx_word' id='word_1_207' title='bbox 285 2347 415 2417; x_wconf 83' lang='grc' dir='ltr'><strong><em>ἑαυτόν.</em></strong></span> <span class='ocrx_word' id='word_1_208' title='bbox 457 2345 475 2414; x_wconf 92' lang='lat'><em>6</em></span> <span class='ocrx_word' id='word_1_209' title='bbox 500 2355 532 2414; x_wconf 93' lang='lat' dir='ltr'><em>A</em></span> <span class='ocrx_word' id='word_1_210' title='bbox 555 2347 621 2434; x_wconf 78' lang='grc' dir='ltr'><strong><em>ἄρα</em></strong></span> <span class='ocrx_word' id='word_1_211' title='bbox 644 2350 723 2428; x_wconf 85' lang='grc' dir='ltr'><strong><em>τοὺς</em></strong></span> <span class='ocrx_word' id='word_1_212' title='bbox 746 2357 793 2437; x_wconf 90' lang='grc' dir='ltr'><strong><em>Α,</em></strong></span> <span class='ocrx_word' id='word_1_213' title='bbox 814 2358 847 2416; x_wconf 91' lang='grc' dir='ltr'><em>Δ</em></span> <span class='ocrx_word' id='word_1_214' title='bbox 870 2361 982 2438; x_wconf 86' lang='grc' dir='ltr'><em>μετρεῖ</em></span> <span class='ocrx_word' id='word_1_215' title='bbox 1008 2348 1169 2438; x_wconf 77' lang='grc' dir='ltr'><strong><em>πρώτους</em></strong></span> 
     </span>
     <span class='ocr_line' id='line_1_22' title="bbox 146 2451 1170 2546; baseline 0.001 -22"><span class='ocrx_word' id='word_1_216' title='bbox 146 2455 247 2536; x_wconf 80' lang='grc' dir='ltr'><strong><em>’ὄντας</em></strong></span> <span class='ocrx_word' id='word_1_217' title='bbox 269 2480 353 2544; x_wconf 87' lang='grc' dir='ltr'><strong><em>προς</em></strong></span> <span class='ocrx_word' id='word_1_218' title='bbox 377 2451 557 2539; x_wconf 79' lang='grc' dir='ltr'><strong><em>ἀλλήλους·</em></strong></span> <span class='ocrx_word' id='word_1_219' title='bbox 582 2452 663 2543; x_wconf 83' lang='grc' dir='ltr'><em>ὅπερ</em></span> <span class='ocrx_word' id='word_1_220' title='bbox 683 2454 774 2522; x_wconf 82' lang='grc' dir='ltr'><strong><em>ἐστὶν</em></strong></span> <span class='ocrx_word' id='word_1_221' title='bbox 798 2454 977 2523; x_wconf 78' lang='grc' dir='ltr'><strong><em>ἀδύνατον.</em></strong></span> <span class='ocrx_word' id='word_1_222' title='bbox 1016 2453 1081 2524; x_wconf 83' lang='grc' dir='ltr'><strong><em>οὐκ</em></strong></span> <span class='ocrx_word' id='word_1_223' title='bbox 1102 2455 1170 2546; x_wconf 78' lang='grc' dir='ltr'><strong><em>ἄρα</em></strong></span> 
     </span>
     <span class='ocr_line' id='line_1_23' title="bbox 146 2557 1171 2649; baseline 0.003 -21"><span class='ocrx_word' id='word_1_224' title='bbox 146 2567 237 2629; x_wconf 81' lang='grc' dir='ltr'><strong><em>ἔσται</em></strong></span> <span class='ocrx_word' id='word_1_225' title='bbox 266 2558 310 2640; x_wconf 82' lang='grc' dir='ltr'><strong><em>ὡς</em></strong></span> <span class='ocrx_word' id='word_1_226' title='bbox 338 2557 356 2627; x_wconf 93' lang='lat'><em>6</em></span> <span class='ocrx_word' id='word_1_227' title='bbox 385 2569 417 2627; x_wconf 94' lang='lat' dir='ltr'><em>A</em></span> <span class='ocrx_word' id='word_1_228' title='bbox 444 2560 528 2647; x_wconf 83' lang='grc' dir='ltr'><strong><em>πρὸς</em></strong></span> <span class='ocrx_word' id='word_1_229' title='bbox 555 2562 615 2628; x_wconf 86' lang='grc' dir='ltr'><strong><em>τὸν</em></strong></span> <span class='ocrx_word' id='word_1_230' title='bbox 643 2568 687 2647; x_wconf 90' lang='grc' dir='ltr'><strong><em>Β,</em></strong></span> <span class='ocrx_word' id='word_1_231' title='bbox 718 2559 825 2641; x_wconf 80' lang='grc' dir='ltr'><strong><em>οὕτως</em></strong></span> <span class='ocrx_word' id='word_1_232' title='bbox 853 2558 870 2628; x_wconf 93' lang='lat'><em>6</em></span> <span class='ocrx_word' id='word_1_233' title='bbox 894 2569 928 2628; x_wconf 96' lang='lat' dir='ltr'><em>A</em></span> <span class='ocrx_word' id='word_1_234' title='bbox 950 2585 1036 2649; x_wconf 84' lang='grc' dir='ltr'><strong><em>προς</em></strong></span> <span class='ocrx_word' id='word_1_235' title='bbox 1060 2560 1171 2631; x_wconf 79' lang='grc' dir='ltr'><strong><em>ἄλλον</em></strong></span> 
     </span>
     <span class='ocr_line' id='line_1_24' title="bbox 146 2664 570 2753; baseline 0 -19"><span class='ocrx_word' id='word_1_236' title='bbox 146 2669 233 2734; x_wconf 81' lang='grc' dir='ltr'><strong><em>τινά·</em></strong></span> <span class='ocrx_word' id='word_1_237' title='bbox 259 2664 340 2753; x_wconf 82' lang='grc' dir='ltr'><em>ὅπερ</em></span> <span class='ocrx_word' id='word_1_238' title='bbox 365 2671 431 2734; x_wconf 78' lang='grc' dir='ltr'><em>ἔδει</em></span> <span class='ocrx_word' id='word_1_239' title='bbox 456 2667 570 2747; x_wconf 79' lang='grc' dir='ltr'><em>δεῖξαι.</em></span> 
     </span>
    </p>
   </div>
   <div class='ocr_carea' id='block_1_3' title="bbox 94 2887 1174 3071">
    <p class='ocr_par' dir='ltr' id='par_1_3' title="bbox 94 2887 1174 3071">
     <span class='ocr_line' id='line_1_25' title="bbox 629 2887 686 2947; baseline 0.053 -20"><span class='ocrx_word' id='word_1_240' title='bbox 629 2887 686 2947; x_wconf 87' lang='grc' dir='ltr'><strong><em>ιη.</em></strong></span> 
     </span>
     <span class='ocr_line' id='line_1_26' title="bbox 94 2981 1174 3071; baseline 0.005 -21"><span class='ocrx_word' id='word_1_241' title='bbox 94 3013 127 3061; x_wconf 79' lang='lat'><strong><em>25</em></strong></span> <span class='ocrx_word' id='word_1_242' title='bbox 215 2982 299 3051; x_wconf 79' lang='grc' dir='ltr'><strong><em>Δύο</em></strong></span> <span class='ocrx_word' id='word_1_243' title='bbox 332 2981 516 3071; x_wconf 75' lang='grc' dir='ltr'><strong><em>ἀριθμῶν</em></strong></span> <span class='ocrx_word' id='word_1_244' title='bbox 550 2986 755 3052; x_wconf 76' lang='grc' dir='ltr'><strong><em>δοθέντων</em></strong></span> <span class='ocrx_word' id='word_1_245' title='bbox 788 2987 1096 3071; x_wconf 76' lang='grc' dir='ltr'><strong><em>ἐπισκέψασθαι,</em></strong></span> <span class='ocrx_word' id='word_1_246' title='bbox 1137 2992 1174 3056; x_wconf 83' lang='grc' dir='ltr'><em>ελ</em></span> 
     </span>
    </p>
   </div>
   <div class='ocr_carea' id='block_1_4' title="bbox 147 3157 1172 3586">
    <p class='ocr_par' dir='ltr' id='par_1_4' title="bbox 147 3157 1172 3586">
     <span class='ocr_line' id='line_1_27' title="bbox 220 3157 1171 3248; baseline 0 -30"><span class='ocrx_word' id='word_1_247' title='bbox 220 3171 246 3218; x_wconf 79' lang='grc'><strong><em>5.</em></strong></span> <span class='ocrx_word' id='word_1_248' title='bbox 265 3163 307 3234; x_wconf 88' lang='lat' dir='ltr'><em>A]</em></span> <span class='ocrx_word' id='word_1_249' title='bbox 333 3161 405 3248; x_wconf 78' lang='lat' dir='ltr'>(alt.)</span> <span class='ocrx_word' id='word_1_250' title='bbox 430 3177 499 3215; x_wconf 81' lang='lat' dir='ltr'><strong>corr.</strong></span> <span class='ocrx_word' id='word_1_251' title='bbox 519 3177 553 3214; x_wconf 84' lang='lat' dir='ltr'><strong><em>ex</em></strong></span> <span class='ocrx_word' id='word_1_252' title='bbox 571 3165 593 3213; x_wconf 94' lang='grc' dir='ltr'>Β</span> <span class='ocrx_word' id='word_1_253' title='bbox 612 3161 643 3214; x_wconf 84' lang='lat' dir='ltr'><strong><em>F.</em></strong></span> <span class='ocrx_word' id='word_1_254' title='bbox 725 3166 749 3215; x_wconf 93' lang='lat'><strong><em>8.</em></strong></span> <span class='ocrx_word' id='word_1_255' title='bbox 769 3157 831 3232; x_wconf 86' lang='grc' dir='ltr'><strong><em>τόν]</em></strong></span> <span class='ocrx_word' id='word_1_256' title='bbox 852 3178 905 3215; x_wconf 87' lang='lat' dir='ltr'><strong><em>om.</em></strong></span> <span class='ocrx_word' id='word_1_257' title='bbox 924 3161 954 3216; x_wconf 84' lang='lat' dir='ltr'><strong><em>F.</em></strong></span> <span class='ocrx_word' id='word_1_258' title='bbox 1029 3168 1055 3218; x_wconf 87' lang='grc'><strong><em>9.</em></strong></span> <span class='ocrx_word' id='word_1_259' title='bbox 1076 3159 1171 3238; x_wconf 71' lang='grc' dir='ltr'><strong><em>ἐστίν]</em></strong></span> 
     </span>
     <span class='ocr_line' id='line_1_28' title="bbox 148 3226 1171 3302; baseline 0.001 -13"><span class='ocrx_word' id='word_1_260' title='bbox 148 3254 201 3290; x_wconf 89' lang='lat' dir='ltr'><strong><em>om.</em></strong></span> <span class='ocrx_word' id='word_1_261' title='bbox 220 3234 254 3288; x_wconf 85' lang='lat' dir='ltr'><strong><em>V.</em></strong></span> <span class='ocrx_word' id='word_1_262' title='bbox 320 3239 361 3286; x_wconf 89' lang='lat'><strong><em>11.</em></strong></span> <span class='ocrx_word' id='word_1_263' title='bbox 380 3233 504 3302; x_wconf 75' lang='grc' dir='ltr'><strong><em>αριθμοί</em></strong></span> <span class='ocrx_word' id='word_1_264' title='bbox 537 3249 591 3286; x_wconf 89' lang='lat' dir='ltr'><strong><em>om.</em></strong></span> <span class='ocrx_word' id='word_1_265' title='bbox 612 3231 644 3287; x_wconf 93' lang='lat' dir='ltr'><strong><em>V.</em></strong></span> <span class='ocrx_word' id='word_1_266' title='bbox 710 3237 751 3287; x_wconf 79' lang='lat'><strong><em>12.</em></strong></span> <span class='ocrx_word' id='word_1_267' title='bbox 773 3229 889 3300; x_wconf 79' lang='grc' dir='ltr'><strong><em>ἔχοντας</em></strong></span> <span class='ocrx_word' id='word_1_268' title='bbox 908 3226 1006 3294; x_wconf 75' lang='grc' dir='ltr'><strong><em>αὐτοῖς</em></strong></span> <span class='ocrx_word' id='word_1_269' title='bbox 1023 3232 1060 3286; x_wconf 88' lang='lat' dir='ltr'><strong><em>V.</em></strong></span> <span class='ocrx_word' id='word_1_270' title='bbox 1126 3242 1171 3291; x_wconf 80' lang='lat'><strong><em>16,</em></strong></span> 
     </span>
     <span class='ocr_line' id='line_1_29' title="bbox 147 3298 1172 3375; baseline 0.002 -17"><span class='ocrx_word' id='word_1_271' title='bbox 147 3304 354 3375; x_wconf 74' lang='lat' dir='ltr'><strong><em>nal]m.2F.</em></strong></span> <span class='ocrx_word' id='word_1_272' title='bbox 416 3309 500 3357; x_wconf 82' lang='grc' dir='ltr'><strong><em>16.Α</em></strong></span> <span class='ocrx_word' id='word_1_273' title='bbox 538 3319 640 3357; x_wconf 80' lang='lat' dir='ltr'>ecorr.</span> <span class='ocrx_word' id='word_1_274' title='bbox 662 3303 696 3358; x_wconf 87' lang='lat' dir='ltr'><strong><em>V.</em></strong></span> <span class='ocrx_word' id='word_1_275' title='bbox 758 3309 799 3357; x_wconf 79' lang='lat'><strong><em>17.</em></strong></span> <span class='ocrx_word' id='word_1_276' title='bbox 819 3298 852 3374; x_wconf 89' lang='lat'><em>6]</em></span> <span class='ocrx_word' id='word_1_277' title='bbox 873 3305 959 3371; x_wconf 76' lang='lat' dir='ltr'>(tert.)</span> <span class='ocrx_word' id='word_1_278' title='bbox 978 3298 1010 3355; x_wconf 89' lang='grc' dir='ltr'><strong><em>τό</em></strong></span> <span class='ocrx_word' id='word_1_279' title='bbox 1030 3320 1062 3370; x_wconf 85' lang='grc' dir='ltr'><strong><em>φ.</em></strong></span> <span class='ocrx_word' id='word_1_280' title='bbox 1126 3312 1172 3360; x_wconf 81' lang='lat'><strong><em>19.</em></strong></span> 
     </span>
     <span class='ocr_line' id='line_1_30' title="bbox 147 3366 1171 3445; baseline 0.002 -16"><span class='ocrx_word' id='word_1_281' title='bbox 147 3372 274 3445; x_wconf 75' lang='grc' dir='ltr'><em>ἐμέτρει]</em></span> <span class='ocrx_word' id='word_1_282' title='bbox 294 3375 328 3442; x_wconf 89' lang='grc' dir='ltr'><strong><em>Ρ,</em></strong></span> <span class='ocrx_word' id='word_1_283' title='bbox 348 3381 446 3443; x_wconf 86' lang='grc' dir='ltr'><em>μετρεῖ</em></span> <span class='ocrx_word' id='word_1_284' title='bbox 461 3373 558 3428; x_wconf 83' lang='lat' dir='ltr'>Theon</span> <span class='ocrx_word' id='word_1_285' title='bbox 577 3374 710 3443; x_wconf 82' lang='lat' dir='ltr'>(BFVq).</span> <span class='ocrx_word' id='word_1_286' title='bbox 748 3373 855 3427; x_wconf 81' lang='lat' dir='ltr'>Deinde</span> <span class='ocrx_word' id='word_1_287' title='bbox 873 3373 936 3427; x_wconf 81' lang='lat' dir='ltr'><strong>add.</strong></span> <span class='ocrx_word' id='word_1_288' title='bbox 956 3372 993 3425; x_wconf 89' lang='lat' dir='ltr'><strong><em>B:</em></strong></span> <span class='ocrx_word' id='word_1_289' title='bbox 1013 3366 1086 3429; x_wconf 72' lang='grc' dir='ltr'><em>ὥστε</em></span> <span class='ocrx_word' id='word_1_290' title='bbox 1108 3371 1126 3430; x_wconf 90' lang='lat'><em>6</em></span> <span class='ocrx_word' id='word_1_291' title='bbox 1147 3382 1171 3430; x_wconf 87' lang='lat' dir='ltr'><em>A</em></span> 
     </span>
     <span class='ocr_line' id='line_1_31' title="bbox 147 3439 1171 3518; baseline 0.004 -20"><span class='ocrx_word' id='word_1_292' title='bbox 147 3443 197 3498; x_wconf 89' lang='grc' dir='ltr'><strong><em>τὸν</em></strong></span> <span class='ocrx_word' id='word_1_293' title='bbox 224 3449 250 3496; x_wconf 91' lang='grc' dir='ltr'><strong><em>Γ</em></strong></span> <span class='ocrx_word' id='word_1_294' title='bbox 271 3450 378 3514; x_wconf 85' lang='grc' dir='ltr'><em>μετρεῖ,</em></span> <span class='ocrx_word' id='word_1_295' title='bbox 404 3445 453 3497; x_wconf 80' lang='lat' dir='ltr'><strong><em>sed</em></strong></span> <span class='ocrx_word' id='word_1_296' title='bbox 476 3445 530 3500; x_wconf 85' lang='lat' dir='ltr'>del.</span> <span class='ocrx_word' id='word_1_297' title='bbox 554 3463 591 3498; x_wconf 88' lang='lat' dir='ltr'><strong><em>m.</em></strong></span> <span class='ocrx_word' id='word_1_298' title='bbox 612 3451 636 3500; x_wconf 91' lang='lat'><strong><em>1.</em></strong></span> <span class='ocrx_word' id='word_1_299' title='bbox 710 3439 847 3515; x_wconf 84' lang='grc' dir='ltr'><strong><em>ὃΑκαί]</em></strong></span> <span class='ocrx_word' id='word_1_300' title='bbox 866 3444 916 3497; x_wconf 80' lang='grc' dir='ltr'><strong><em>καὶ</em></strong></span> <span class='ocrx_word' id='word_1_301' title='bbox 935 3440 950 3497; x_wconf 88' lang='lat'><em>6</em></span> <span class='ocrx_word' id='word_1_302' title='bbox 970 3443 1041 3511; x_wconf 76' lang='lat' dir='ltr'><strong><em>AF3</em></strong></span> <span class='ocrx_word' id='word_1_303' title='bbox 1063 3440 1122 3500; x_wconf 88' lang='lat' dir='ltr'><strong><em>6A</em></strong></span> <span class='ocrx_word' id='word_1_304' title='bbox 1144 3466 1171 3518; x_wconf 90' lang='lat' dir='ltr'><strong><em>q.</em></strong></span> 
     </span>
     <span class='ocr_line' id='line_1_32' title="bbox 148 3514 892 3586; baseline 0.001 -17"><span class='ocrx_word' id='word_1_305' title='bbox 148 3514 261 3585; x_wconf 85' lang='grc' dir='ltr'><em>μετρεῖ]</em></span> <span class='ocrx_word' id='word_1_306' title='bbox 281 3515 378 3584; x_wconf 83' lang='lat' dir='ltr'>(prius)</span> <span class='ocrx_word' id='word_1_307' title='bbox 398 3532 453 3570; x_wconf 88' lang='lat' dir='ltr'><strong><em>om.</em></strong></span> <span class='ocrx_word' id='word_1_308' title='bbox 471 3515 501 3572; x_wconf 87' lang='lat' dir='ltr'><strong><em>F.</em></strong></span> <span class='ocrx_word' id='word_1_309' title='bbox 567 3521 609 3570; x_wconf 78' lang='lat'><strong><em>22.</em></strong></span> <span class='ocrx_word' id='word_1_310' title='bbox 629 3516 674 3586; x_wconf 95' lang='lat' dir='ltr'><em>A]</em></span> <span class='ocrx_word' id='word_1_311' title='bbox 693 3519 745 3584; x_wconf 88' lang='grc' dir='ltr'><strong><em>Βφ</em></strong></span> <span class='ocrx_word' id='word_1_312' title='bbox 765 3518 831 3586; x_wconf 89' lang='lat' dir='ltr'>(non</span> <span class='ocrx_word' id='word_1_313' title='bbox 850 3515 892 3584; x_wconf 83' lang='lat' dir='ltr'><strong><em>F).</em></strong></span> 
     </span>
    </p>
   </div>
   <div class='ocr_carea' id='block_1_5' title="bbox 0 0 1228 3938">
    <p class='ocr_par' dir='ltr' id='par_1_5' title="bbox 0 0 1228 3938">
     <span class='ocr_line' id='line_1_33' title="bbox 0 0 1228 3938; baseline 0 2"><span class='ocrx_word' id='word_1_314' title='bbox 0 0 1228 3938; x_wconf 95' lang='lat' dir='ltr'><strong><em> </em></strong></span> 
     </span>
    </p>
   </div>
  </div>
 </body>
</html>
