2446 3938
103 196 169 261 300
477 197 679 250 Στοιαοιοιι
696 192 737 264 η’.

163 335 199 403 ‘0
222 346 256 403 A
282 336 346 423 γὰρ
374 336 435 404 τὸν
459 344 487 403 Ζ
510 337 804 417 πολλαπλασιάσας
830 335 890 405 τὸν
912 344 943 404 Θ
970 345 1123 425 ποιείτω,
1200 359 1201 366 ’

102 443 256 529 ἑκάτερος
280 443 318 510 δὲ
342 447 411 511 τοῖν
436 452 480 527 A,
501 451 528 510 Ζ
550 442 611 511 τὸν
634 452 663 511 Θ
684 444 979 524 πολλαπλασιάσας
1009 445 1123 513 ἑκάτε-

102 575 164 632 ρον
187 553 255 616 τῶν
278 555 326 633 Κ,
347 556 378 615 A
400 554 544 616 ποιείτω.

168 655 236 721 Καὶ
260 657 333 722 ἐπεί
352 657 445 722 ἐστιν
468 652 512 734 ὡς
539 655 560 741 ἡ
585 661 617 722 Γ
640 655 746 741 μονάς
769 655 853 745 πρὸς
874 655 937 724 τὸν
961 665 996 724 Δ
1020 655 1123 745 ἀριθ-

67 761 183 848 5μόν,
207 761 314 840 οὕτως
338 758 355 828 6
382 769 415 827 A
437 759 522 848 πρὸς
543 760 605 828 τὸν
628 769 669 847 Ε,
693 763 802 842 ἰσάκις
824 761 892 851 άρα
914 760 936 848 ἡ
959 769 993 831 Γ
1012 762 1123 849 μονάς

101 867 162 936 τὸν
187 876 219 934 A
242 863 393 953 ἀριθμὸν
416 880 529 955 μετρεῖ
549 867 605 933 καὶ
629 865 647 934 6
672 877 706 934 A
727 867 788 936 τὸν
810 876 849 937 Ε.
894 867 916 956 ἡ
940 868 979 937 δὲ
1001 876 1038 937 Γ
1061 896 1121 956 μο-

101 973 163 1054 νάς
190 973 250 1041 τὸν
280 981 313 1039 A
339 969 490 1059 ἀριθμὸν
522 986 636 1061 μετρεῖ
660 971 742 1040 κατὰ
770 974 829 1054 τὰς
856 977 893 1043 ἐν
920 978 967 1067 τῷ
996 984 1033 1042 Δ
1061 1003 1121 1063 μο-

101 1079 220 1157 νάδας
244 1079 299 1144 καλ
324 1075 342 1145 6
367 1087 401 1145 A
424 1076 491 1165 άρα
514 1075 662 1165 ἀριθμὸς
684 1077 744 1146 τὸν
767 1086 800 1146 Ε
820 1093 936 1167 μετρεῖ
955 1080 1042 1149 κατὰ
1060 1080 1124 1162 τὰς

102 1187 207 1272 ἐντῷ
232 1193 265 1250 A
288 1184 449 1270 μονάδας·
479 1181 496 1250 6
522 1193 555 1250 A
578 1182 644 1271 άρα
673 1184 794 1253 ἑαυτὸν
822 1186 1124 1269 πολλαπλασιάσας

51 1314 83 1361 10
102 1289 162 1359 τὸν
185 1298 217 1358 Ε
238 1296 426 1375 πεποίηκεν.
471 1290 584 1367 πάλιν,
608 1292 681 1357 ἐπεί
701 1293 792 1358 ἐστιν
816 1288 861 1371 ὡς
883 1289 904 1378 ἡ
928 1298 961 1360 Γ
981 1294 1122 1379 [μονάς]

101 1395 185 1483 πρὸς
207 1396 268 1463 τὸν
292 1404 326 1461 A
349 1393 510 1481 ἀριθμὸν,
533 1395 641 1474 οὕτως
664 1393 682 1463 6
707 1403 740 1462 E
759 1394 843 1484 πρὸς
860 1397 922 1465 τὸν
940 1408 983 1485 Α,
1007 1400 1124 1480 ἰσάκις

101 1506 168 1589 ἄρα
200 1500 221 1587 ἡ
246 1507 278 1568 Γ
302 1500 409 1586 μονάς
430 1498 490 1568 τὸν
515 1509 548 1567 A
571 1499 721 1587 άριθμόν
744 1516 858 1590 μετρεῖ
877 1505 934 1571 καὶ
958 1503 976 1573 6
1000 1513 1036 1573 E
1056 1506 1123 1575 τὸν

101 1619 142 1677 Α.
188 1606 207 1693 ἡ
237 1607 273 1674 δὲ
302 1613 333 1673 Γ
357 1605 463 1692 μονὰς
489 1605 550 1673 τὸν
580 1615 613 1673 A
640 1605 789 1693 άριδμδν
817 1625 931 1697 μετρεῖ
950 1610 1037 1679 κατὰ
1061 1610 1124 1693 τάς

102 1717 207 1806 ἐντῷ
232 1722 265 1780 A
293 1711 455 1798 μονάδας·
484 1712 539 1778 καὶ
568 1709 586 1780 6
615 1720 648 1779 Ε
672 1712 738 1799 ἄρα
760 1713 821 1783 τὸν
845 1727 877 1784 Α
899 1731 1013 1804 μετρεῖ
1034 1718 1124 1787 κατὰ
1222 1807 1223 1812 ¹

51 1845 82 1891 15
101 1820 160 1900 τάς
185 1823 289 1911 ἐντῷ
315 1828 348 1885 A
372 1818 534 1905 μονάδας·
560 1817 577 1886 6
602 1827 636 1886 A
654 1817 720 1904 άρα
737 1821 799 1889 τὸν
818 1829 851 1889 Ε
867 1824 1121 1893 πολλαπλασιά-

102 1946 162 2006 σας
189 1924 251 1993 τὸν
279 1935 311 1992 Α
338 1931 524 2011 πεποίηκεν.
571 1923 625 1992 διὰ
652 1922 693 1992 τά
720 1923 805 1993 αὐτὰ
838 1927 880 2014 δὴ
913 1930 968 1996 καὶ
1002 1927 1020 1997 6
1057 1930 1123 2016 μὲν

102 2040 129 2100 Ζ
153 2030 273 2100 ἑαυτὸν
296 2030 590 2111 πολλαπλασιάσας
616 2029 677 2098 τὸν
705 2039 745 2098 Η
767 2039 961 2121 πεποίηκεν,
988 2033 1052 2103 τὸν
1082 2036 1123 2105 δὲ

101 2145 140 2206 Η
163 2138 457 2217 πολλαπλασιάσας
483 2136 543 2205 τὸν
571 2144 600 2204 Β
627 2144 815 2224 πεποίηκεν.
860 2141 916 2208 καὶ
945 2140 1014 2208 ἐπεὶ
1039 2139 1060 2209 6
1087 2152 1123 2210 A

101 2244 224 2314 ἑαυτὸν
257 2245 319 2331 μὲν
351 2242 644 2323 πολλαπλασιάσας
675 2243 736 2312 τὸν
767 2252 800 2312 Ε
828 2253 1023 2332 πεποίηκεν,
1057 2247 1122 2317 τὸν

47 2380 81 2429 20
101 2352 139 2420 δὲ
173 2359 199 2418 Ζ
231 2349 524 2429 πολλαπλασιάσας
553 2348 614 2417 τὸν
643 2358 671 2417 Θ
698 2357 892 2438 πεποίηκεν,
925 2357 1016 2421 ἔστιν
1051 2352 1122 2441 ἄρα

101 2456 147 2538 ὡς
174 2455 192 2524 6
224 2466 258 2524 A
284 2454 367 2540 πρὸς
394 2454 455 2524 τὸν
479 2463 521 2541 Ζ,
550 2453 656 2534 οὕτως
684 2454 702 2523 6
728 2464 759 2523 Ε
780 2457 864 2546 πρὸς
889 2484 951 2527 τον
973 2465 1011 2527 Θ.
1059 2459 1121 2528 διὰ

100 2562 140 2630 τὰ
173 2561 257 2631 αὐτὰ
292 2560 334 2648 δὴ
366 2563 422 2629 καὶ
454 2558 499 2641 ὦς
527 2559 544 2629 6
574 2570 607 2628 A
634 2561 717 2647 πρὸς
744 2562 804 2631 τὸν
833 2571 876 2649 Ζ,
905 2565 1011 2644 οὕτως
1039 2563 1060 2633 6
1089 2575 1122 2635 Θ

101 2668 184 2756 πρὸς
211 2667 271 2737 τὸν
299 2675 341 2736 H.
388 2668 444 2735 καὶ
473 2665 518 2747 ὡς
546 2666 612 2754 άρα
640 2665 658 2735 6
688 2676 720 2735 Ε
745 2668 829 2756 πρὸς
855 2669 916 2739 τὸν
940 2678 983 2757 Θ,
1007 2668 1120 2753 οὕτως

101 2774 119 2842 6
150 2784 178 2842 Θ
205 2777 288 2856 πρὸς
317 2772 378 2841 τὸν
407 2781 449 2840 Η.
494 2774 612 2857 πάλιν,
645 2774 715 2841 ἐπεὶ
743 2772 761 2841 6
792 2784 825 2841 A
858 2777 1016 2862 ἑκάτερον
1046 2782 1120 2846 τῶν

47 2914 81 2961 25
100 2889 145 2966 E,
165 2888 193 2947 Θ
216 2878 509 2958 πολλαπλασιάσας
532 2878 689 2963 ἑκάτερον
712 2884 780 2947 τῶν
804 2890 850 2966 A,
869 2888 904 2948 K
924 2889 1118 2969 πεποίηκεν,

100 2991 190 3053 ἔστιν
223 2983 288 3070 άρα
319 2982 363 3064 ὡς
397 2982 415 3052 6
443 2992 476 3051 Ε
499 2984 584 3072 πρὸς
616 2985 677 3052 τὸν
704 2993 747 3072 Θ,
781 2987 888 3067 οὕτως
918 2984 936 3055 6
969 2995 1001 3054 A
1031 2987 1120 3077 πρὸς

99 3092 159 3160 τὸν
183 3098 223 3159 K.
270 3088 343 3158 ἀλλ’
374 3089 419 3170 ὡς
443 3087 461 3157 6
486 3098 518 3158 Ε
537 3089 621 3176 πρὸς
643 3090 704 3159 τὸν
728 3099 771 3177 Θ,
801 3088 907 3174 οὕτως
930 3091 948 3162 6
973 3101 1007 3161 A
1029 3093 1119 3183 πρὸς

98 3197 158 3266 τὸν
187 3206 226 3266 Ζ·
259 3196 315 3264 καὶ
344 3194 388 3277 ὡς
415 3195 481 3285 άρα
510 3194 527 3265 6
557 3205 591 3263 A
618 3196 701 3285 πρὸς
731 3197 792 3267 τὸν
821 3206 864 3286 Ζ,
895 3199 1001 3279 οὕτως
1031 3196 1049 3268 6
1083 3210 1119 3268 A

170 3383 194 3428 4.
216 3371 303 3447 ἔστιν]
324 3392 408 3446 supra
425 3393 461 3429 m.
483 3383 496 3429 1
517 3375 550 3430 V.
610 3381 635 3430 8.
655 3376 704 3430 ιιαλ
724 3371 739 3429 6
760 3382 785 3429 A
804 3372 860 3442 άρα
874 3407 909 3416 -
925 3383 954 3431 9:
974 3372 1118 3448 μονάδας]

98 3464 154 3515 mg.
175 3464 210 3499 m.
232 3454 245 3500 1
266 3448 325 3516 Ρφ.
388 3453 413 3500 8.
436 3443 509 3531 ἄρα]
530 3463 583 3500 om.
603 3446 635 3501 B.
708 3441 848 3518 άριθμάς]
868 3463 923 3503 om.
942 3448 1006 3515 Vq).
1074 3455 1120 3503 10.

97 3519 235 3585 πεποίηκε
254 3518 317 3586 Vq).
396 3517 502 3588 μονας]
522 3533 576 3571 om.
595 3517 627 3572 P.
707 3523 748 3572 12.
772 3519 810 3590 Γ]
830 3535 845 3572 ο
865 3535 935 3575 corr.
954 3519 987 3572 V.
1074 3525 1118 3574 11.
