2446 3938
104 194 148 260 20
482 195 682 248 ΣΤΟΙΧΕΙΩΝ
700 191 737 250 ε’.

588 334 631 409 ς’.
1095 397 1097 401 ,

167 457 255 528 Ἐάν
292 460 363 529 δύο
406 461 552 547 μεγέθη
595 460 668 529 δύο
706 465 886 547 μεγεθῶν
924 459 1058 540 ἰσάκις
1094 452 1115 550 ᾗ

103 565 472 653 πολλαπλάσια,καί
491 565 766 654 ἀφαιρεθέντα
784 567 873 634 τινά
890 571 967 635 πάν
981 567 1115 636 αὐτῶν

104 671 234 753 ἰσάκις
251 665 273 760 ᾖ
292 673 581 759 πολλαπλάσια,
604 673 668 740 καὶ
682 672 726 740 κά
746 672 864 742 λοιπά
879 687 963 754 τοίς
977 671 1116 753 αὐτοῖς

68 777 192 866 σῆτοι
222 787 289 847 ἰσα
319 781 430 849 ἐστὶν
461 776 483 866 ἢ
516 779 647 859 ἰσάκις
670 776 802 848 αὐτῶν
829 737 1160 869 πολλαπλάσιαῇ

171 885 246 954 Δύο
278 885 342 974 γάρ
365 888 491 974 μεγέθη
519 883 559 953 τά
587 892 663 971 AB,
679 891 745 952 ΓΔ
773 884 836 953 δύο
864 891 1019 973 μεγεθῶν
1046 891 1115 956 τάν

103 999 191 1078 Ε,Ζ
214 992 323 1073 ἰσάκις
350 997 433 1061 ἔστω
460 990 707 1077 πολλαπλάσια,
740 992 795 1058 καὶ
818 989 1051 1079 άφαιρεθέντα
1073 993 1114 1061 τὰ

103 1106 185 1184 ΛΗ,
200 1105 263 1167 ΓΘ
275 1103 344 1168 τῶν
367 1097 480 1168 αὐτῶν
502 1103 571 1166 τάν
590 1106 630 1184 Ε,
646 1106 673 1166 Ζ
688 1097 798 1178 ἰσάκις
820 1103 903 1166 ἔστω
927 1099 1116 1167 πολλαπλά·

104 1224 172 1273 σια·
195 1207 293 1292 λέγω,
317 1203 369 1274 ὅτι
391 1205 447 1273 καὶ
469 1203 570 1273 λοιπά
593 1202 633 1271 τά
657 1211 736 1290 ΗΒ,
752 1211 819 1272 ΘΔ
841 1216 911 1283 τοϊς
935 1211 1017 1289 Ε,Ζ
1041 1203 1115 1292 ἤτοι

66 1323 86 1370 ,0
105 1319 162 1380 ἰσα
186 1313 276 1380 ἐστὶν
299 1308 321 1399 ἢ
345 1311 454 1392 ἰσάκις
476 1309 589 1380 αὐτῶν
612 1309 854 1380 πολλαπλάσια.

160 1416 269 1486 Ἔστω
305 1416 371 1506 γάρ
399 1417 564 1506 πρότερον
595 1415 633 1486 τὸ
666 1424 733 1486 ΗΒ
761 1420 807 1509 τῷ
836 1425 868 1485 Ε
898 1425 987 1485 ἰσον·
1020 1417 1116 1503 λέγω,

104 1520 155 1591 ὅτι
178 1523 234 1590 καί
257 1522 295 1592 τὸ
320 1531 388 1592 ΘΔ
409 1528 455 1616 τῷ
481 1531 507 1591 Ζ
532 1533 608 1592 ἰσον
631 1526 731 1592 ἐστίν.

169 1635 309 1698 Κείσθω
346 1618 412 1717 γάρ
448 1633 494 1722 τῷ
534 1636 561 1696 Ζ
595 1638 672 1698 ἰσον
705 1628 742 1697 τὸ
780 1635 854 1697 ΓΚ.
900 1629 970 1696 ἐπεὶ
1008 1628 1116 1709 ἰσάκις

104 1735 173 1804 ἐστὶ
201 1735 453 1804 πολλαπλάσιον
476 1735 514 1805 τὸ
537 1743 614 1804 ΑΗ
631 1741 693 1804 τοῦ
716 1743 748 1803 Ε
768 1736 824 1803 καί
847 1734 885 1804 τὸ
908 1741 970 1802 ΓΘ
991 1738 1053 1802 τοῦ
1077 1742 1116 1820 Ζ,

66 1849 85 1899 ὅ
104 1849 181 1910 ἰσον
210 1842 248 1910 δὲ
274 1840 311 1910 τὸ
340 1841 402 1929 μὲν
430 1849 497 1910 ΗΒ
520 1847 567 1934 τῷ
590 1849 631 1927 Ε,
653 1842 691 1912 τὸ
716 1842 754 1911 δὲ
778 1847 848 1909 ΚΓ
865 1845 911 1932 τῷ
936 1849 979 1926 Ζ,
1008 1840 1118 1921 ἰσάκις

103 1945 170 2034 άρα
204 1948 273 2017 ἐστί
305 1947 557 2017 πολλαπλάσιον
590 1948 627 2017 τὸ
663 1956 729 2016 AB
760 1952 822 2015 τοῦ
846 1955 878 2015 Ε
902 1948 957 2014 καί
989 1947 1025 2016 τὸ
1051 1954 1118 2016 ΚΘ

102 2056 163 2122 τοῦ
191 2062 228 2125 Z.
283 2055 391 2136 ἰσάκις
423 2055 461 2124 δὲ
491 2053 664 2124 ὑπόκειται
696 2053 948 2124 πολλαπλάσιον
979 2053 1016 2122 τὸ
1048 2063 1080 2122 A
1087 2062 1115 2122 Β

102 2164 163 2229 τοῦ
194 2169 226 2230 Ε
259 2164 315 2232 καί
347 2161 386 2232 τὸ
413 2169 481 2230 ΓΛ
507 2165 569 2230 ιοῦ
594 2169 634 2228 Ζ·
667 2161 776 2240 ἰσάκις
808 2159 875 2247 άρα
902 2159 972 2228 ε’σιί
994 2167 1117 2229 πολλα-

103 2265 247 2337 πλάσιον
278 2271 316 2338 τὸ
350 2275 417 2336 ΚΘ
448 2271 509 2334 τοῦ
545 2273 573 2333 Ζ
605 2267 661 2333 καί
694 2264 731 2334 τὸ
765 2271 833 2334 ΓΔ
865 2270 928 2334 τοῦ
965 2273 1000 2334 Ζ.
1047 2268 1117 2335 ἐπεὶ

69 2363 168 2440 θοῦν
191 2372 350 2456 ἑκάτερον
372 2376 441 2439 τῶν
460 2377 538 2461 ΚΘ,
552 2376 620 2438 ΓΔ
636 2375 698 2439 τοῦ
722 2379 749 2439 Ζ
772 2371 882 2451 ἰσάκις
904 2372 973 2440 ἐστὶ
995 2380 1117 2441 πολλα-

102 2479 261 2565 πλάσιον,
300 2486 376 2546 ἰσον
409 2475 475 2565 ἄρα
506 2477 575 2545 ἰσιί
608 2478 645 2546 τὸ
679 2484 746 2546 ΚΘ
781 2482 827 2569 τῷ
865 2484 941 2545 ΓΛ.
998 2478 1117 2548 κοινὸν

103 2583 295 2674 ἀφῃρήσθω
318 2581 356 2651 τὸ
379 2589 455 2651 ΓΘ·
478 2583 600 2652 λοιπὸν
622 2582 689 2672 άσα
712 2583 749 2653 τὸ
770 2590 840 2663 ΚΓ
859 2589 964 2678 λοιπῷ
983 2590 1029 2677 τῷ
1049 2593 1117 2654 ΘΔ

104 2697 180 2756 ἰσον
208 2691 307 2757 ἐστίν.
358 2685 442 2757 άλλά
469 2688 508 2758 τὸ
538 2694 634 2782 Ζτῷ
662 2697 734 2758 ΚΓ
757 2692 848 2758 ἐστιν
877 2699 966 2760 ἴσον·
993 2692 1049 2759 καί
1077 2691 1116 2761 τὸ

104 2801 172 2862 ΘΔ
200 2793 265 2883 άμα
292 2799 338 2888 τῷ
367 2803 394 2863 Ζ
427 2804 503 2866 ἰσον
534 2800 634 2866 ἐστίν.
684 2794 769 2866 ὥστε
796 2801 828 2864 εἰ
858 2794 896 2864 τὸ
925 2803 993 2865 ΗΒ
1016 2803 1063 2890 τῷ
1087 2807 1120 2866 Ε

66 2909 84 2958 ’5
104 2908 181 2969 ἰσον
204 2904 310 2987 ἐστίν,
332 2903 388 2970 καί
411 2901 449 2973 τὸ
473 2911 541 2972 ΘΛ
564 2911 640 2972 ἴσον
664 2908 755 2972 ἔσται
777 2907 823 2996 τῷ
848 2911 884 2971 Ζ.

165 3005 304 3094 Ὁμοίως
341 3007 383 3095 δὴ
416 3011 583 3097 δείξομεν,
617 3006 685 3096 ὅτι,
717 3004 784 3097 κάν
810 3009 1062 3080 πολλαπλάσιον
1095 3002 1116 3100 ᾖ

105 3239 112 3250 ⁰
175 3175 200 3226 2.
217 3164 306 3295 Ἐάν][
318 3185 376 3238 seq.
395 3186 448 3224 ras.
468 3169 554 3226 alitt.
568 3170 607 3253 F:
659 3176 683 3226 5.
703 3163 778 3240 ἤτοι]
801 3170 916 3225 sustulit
933 3170 1117 3227 resarcinatio

102 3258 133 3293 m
146 3240 176 3295 F.
250 3246 274 3295 λ.
305 3256 414 3295 οιωσαν
428 3258 457 3310 p.
530 3247 555 3296 8.
570 3241 639 3312 των]
655 3241 727 3311 (alt.)
742 3241 775 3294 ιὸ
790 3239 823 3308 V,
838 3241 888 3296 sed
901 3258 972 3297 corr.
1040 3239 1115 3298 9.ιά

104 3306 242 3365 λοιπάιά
261 3311 293 3368 F.
384 3312 453 3382 ΗΒ]
472 3310 503 3364 in
521 3326 574 3366 ras.
593 3312 623 3366 F.
715 3318 757 3366 11.
778 3312 845 3384 ΗΒ]
864 3312 895 3366 in
917 3328 970 3367 ras.
990 3330 1027 3367 m.
1046 3319 1062 3368 2
1081 3313 1116 3368 V.

140 3387 182 3437 12.
204 3381 387 3451 ΘΔ]ΔΘΡ.
460 3382 498 3452 τῷ
515 3382 547 3452 Ζ]
564 3399 617 3437 om.
632 3381 667 3450 P3
682 3385 748 3453 post
761 3384 823 3438 ἴσον
837 3382 901 3440 add.
916 3401 952 3439 m.
967 3389 993 3438 2.
1058 3378 1121 3439 ἰσιί

103 3451 165 3507 BV.
249 3458 289 3506 13.
309 3452 360 3526 τῷ]
381 3469 451 3509 cort.
471 3449 609 3507 exvdm.
630 3459 645 3507 1
664 3472 692 3524 p.
776 3454 843 3525 ΓΚ]
863 3471 932 3510 oort.
952 3457 1064 3510 exKP
1078 3472 1116 3512 m.

104 3521 164 3578 ΕΡ.
224 3523 272 3578 καί
288 3519 353 3579 ἒπεί
364 3523 397 3580 V.
474 3528 515 3580 14.
531 3519 678 3581 ἰσιίνΡΚ.
757 3531 798 3580 15.
813 3526 882 3594 ΚΓ]
898 3529 954 3580 ΓΚ
966 3525 999 3580 V.
1075 3532 1117 3582 16.

114 3631 307 3752 ,ηγρ
329 3599 552 3731 (nm-na:
571 3649 640 3688 a:
664 3620 835 3716 2243:
857 3598 932 3716 Z),
