2446 3938
131 188 195 252 388
508 186 709 239 ΣΤΟΙΧΕΙΩΝ
727 181 771 238 θ’,

129 328 235 398 νατόν
263 331 332 396 ἐστι
359 341 429 407 τοῖς
460 336 508 413 A,
528 335 571 412 Β,
591 333 623 394 Γ
648 327 809 412 τέταρτον
840 324 1017 412 ἀνάλογον
1052 346 1163 415 προσ-

130 449 242 521 ευρεῖν
265 432 427 522 ἀριθμόν.
472 438 504 501 εἰ
525 433 590 521 γὰρ
615 432 775 518 δυνατόν,
798 430 1054 521 προσευρήσθω
1076 433 1097 500 6
1119 440 1162 500 E·

131 542 149 610 6
175 540 242 626 ἄρα
265 542 301 608 ἐκ
323 545 392 608 τῶν
415 549 457 626 A,
476 547 508 607 E
529 549 601 620 ῖσος
625 541 695 608 ἐστὶ
717 544 764 632 τῷ
784 540 820 606 ἐκ
837 542 905 606 τῶν
924 545 966 623 Β,
985 544 1022 606 Γ.
1071 537 1160 608 ἀλλὰ

132 647 150 716 6
179 650 215 715 ἐκ
244 651 311 715 τῶν
339 654 383 731 Β,
402 653 434 715 Γ
458 649 549 715 ἐστιν
573 648 591 716 ὁ
617 655 662 714 A·
690 646 747 714 καὶ
770 645 789 714 6
813 647 940 714 ἐκτῶν
963 653 1012 730 A,
1032 653 1070 712 Ε
1093 644 1160 734 ἄρα

96 761 204 833 ὅῖσος
237 754 305 821 ἐστὶ
337 757 383 846 τῷ
413 762 454 824 Δ.
500 753 518 821 6
551 764 583 820 A
615 752 682 841 ἄρα
708 751 770 820 τὸν
800 759 832 818 Ε
856 753 1160 832 πολλαπλασιάσας

131 858 192 928 τὸν
221 868 255 926 A
282 866 474 946 πεποίηκεν·
503 860 521 927 6
550 868 582 926 A
609 858 675 948 ἄρα
702 858 764 928 τὸν
788 867 822 926 Δ
849 870 963 944 μετρεῖ
983 856 1074 925 κατὰ
1097 855 1160 925 τὸν

132 973 174 1033 Ε·
207 963 291 1033 ὥστε
323 980 436 1055 μετρεῖ
466 966 484 1034 6
517 976 550 1034 A
581 965 643 1034 τὸν
672 974 714 1034 Δ.
756 963 841 1033 ἀλλὰ
868 963 924 1032 καὶ
952 961 996 1031 οὐ
1026 976 1160 1052 μετρεῖ·

133 1072 214 1159 ὅπερ
234 1070 371 1139 ἄτοπον.
409 1069 471 1140 οὐκ
489 1071 556 1160 ἄρα
580 1072 729 1156 ᾂυνατόν
753 1074 823 1140 ἐστι
845 1085 916 1150 τοῖς
934 1078 975 1156 A,
993 1075 1036 1154 Β,
1057 1075 1094 1136 Γ
1109 1071 1160 1137 τέ-

132 1205 254 1265 ταρτον
277 1177 448 1266 ἀνάλογον
472 1192 672 1266 προσευρεῖν
696 1177 862 1267 ἀριθμόν,
886 1177 969 1244 ὅταν
993 1174 1012 1243 6
1037 1184 1073 1243 A
1096 1175 1161 1244 τὸν

80 1295 115 1345 10
135 1294 168 1352 A
190 1283 235 1372 μή
259 1290 371 1374 μετρῇ.
418 1283 504 1353 ἀλλὰ
529 1285 571 1372 δή
597 1288 633 1353 ολ
653 1295 701 1372 A,
720 1293 765 1370 Β,
785 1290 817 1351 Γ
839 1283 921 1371 μήτε
948 1283 1024 1369 ἑξῆς
1054 1287 1161 1352 ἔστω-

133 1412 197 1460 σαν
221 1390 395 1477 ἀνοὶλογον
422 1393 503 1478 μήτε
531 1394 567 1458 ολ
593 1394 691 1480 ἄκροι
712 1396 839 1481 πρῶτοι
862 1389 947 1480 πρὸς
974 1385 1161 1475 ἀλλήλους.

132 1499 188 1564 καὶ
208 1497 226 1564 ὁ
247 1505 275 1564 Β
294 1495 355 1564 τὸν
369 1500 705 1578 Γπολλαπλασιοὶσας
718 1497 777 1567 τὸν
792 1505 826 1565 Δ
843 1500 989 1563 ποιείτω.
1026 1494 1160 1582 ὁμοίως

134 1602 176 1688 δή
202 1601 432 1689 δειχθήσεται,
457 1601 508 1672 ὅτι
531 1609 562 1672 εί
584 1605 646 1691 μὲν
669 1617 783 1694 μετρεῖ
804 1602 822 1672 6
847 1611 879 1670 A
901 1599 960 1670 τὸν
980 1607 1026 1688 Δ,
1052 1605 1160 1697 θυμα-

132 1708 193 1776 τόν
217 1711 308 1778 ἐστιν
331 1707 445 1791 αὐτοῖς
468 1708 639 1797 ἀνάλογον
662 1722 878 1799 προσευρεῖν,
907 1711 938 1775 εί
965 1706 1004 1776 66
1027 1705 1074 1776 οὐ
1104 1735 1161 1795 με-

82 1826 115 1875 15
135 1829 221 1902 τρεῖ,
246 1814 429 1884 ἀδύνατον·
455 1815 537 1905 ὅπερ
561 1823 629 1887 ἔδει
653 1822 767 1900 δεῖξαι.

620 2022 662 2064 κ.

202 2103 250 2167 OC
270 2104 419 2187 πρῶτοι
443 2099 614 2188 ἀριθμοὶ
632 2108 795 2180 πλείους
814 2100 892 2167 εἰσὶ
912 2094 1064 2175 παντὸς
1083 2102 1157 2166 τοῦ

134 2208 397 2294 προτεθέντος
419 2208 602 2295 πλήθους
624 2208 790 2295 πρώτων
814 2203 1010 2294 ἀριθμῶν.

193 2311 368 2383 Ἔστωσαν
401 2318 437 2383 ολ
466 2316 687 2402 προτεθέντες
713 2317 840 2402 πρῶτοι
873 2309 1015 2399 ἀριθμοὶ
1049 2313 1089 2376 οἱ
1116 2318 1160 2397 A,

81 2445 117 2494 20
136 2427 179 2504 Β,
198 2425 238 2486 Γ·
271 2422 371 2507 λέγω,
405 2420 456 2488 ὅτι
482 2425 551 2488 τῶν
579 2429 626 2506 Α,
644 2427 688 2506 Β,
708 2426 740 2488 Γ
767 2423 903 2498 πλείους
930 2417 996 2485 εἰσὶ
1024 2420 1159 2504 πρῶτοι

137 2523 287 2613 ἀριθμοί.

203 2634 369 2719 Εἰλήφθω
397 2631 461 2721 γὰρ
491 2633 509 2700 6
533 2633 601 2702 ὑπὸ
625 2636 693 2701 τῶν
717 2641 764 2718 A,
783 2639 828 2717 B,
847 2636 880 2698 Γ
902 2629 1075 2716 ἐλάχιστος
1105 2656 1160 2716 με-

136 2738 320 2825 τρούμενος
346 2739 402 2807 καὶ
426 2744 509 2806 ἔστω
534 2739 551 2807 6
577 2746 660 2824 ΔΕ,
685 2739 740 2806 καλ
763 2742 979 2826 προσκείσθω
1009 2739 1055 2827 τῷ
1089 2743 1163 2804 ΔΕ

137 2841 242 2930 μονὰς
272 2844 292 2930 ἡ
324 2853 397 2913 ΔΖ.
444 2845 462 2913 6
496 2843 538 2931 δή
571 2851 634 2912 ΕΖ
666 2845 741 2931 ήτοι
769 2843 901 2932 πρῶτός
929 2845 1019 2910 ἐστιν
1053 2836 1075 2926 ή
1107 2840 1159 2910 οὔ.

168 3090 175 3110 Ι
211 3028 234 3075 1.
254 3015 329 3075 ἐστιν
346 3023 377 3078 Ρ.
441 3029 465 3076 2.
485 3017 694 3110 προσηυρήσθω
712 3022 774 3076 FV.
836 3027 861 3076 3.
880 3015 942 3106 ἀλλ’
962 3007 1053 3075 BFV.
1113 3024 1156 3074 10.

139 3093 193 3165 μη]
218 3109 303 3181 supra
325 3112 362 3148 m.
387 3099 400 3146 1
425 3093 460 3161 F,
484 3113 518 3148 ου
542 3110 627 3162 supra
648 3110 686 3148 m.
710 3098 726 3146 2
746 3094 780 3147 V.
817 3109 938 3162 μετρήσῃ
958 3091 993 3159 Β,
995 3096 1117 3214 1μετρεῖ
1133 3108 1161 3158 q.

1078 3157 1161 3232 ἑξῆς]

140 3233 169 3288 ολ
186 3232 250 3305 ἕξής
268 3236 299 3291 F.
373 3242 414 3290 12.
433 3234 540 3304 ποιήτω
560 3255 581 3304 φ
602 3238 669 3304 (non
686 3236 729 3304 F).
803 3240 845 3289 14.
865 3228 978 3303 αὐτοῖς]
998 3226 1098 3294 αὐτοῖς
1117 3251 1162 3288 τε·

139 3303 250 3372 τάρτοις
268 3307 298 3363 Β.
373 3306 401 3362 εἰ
418 3306 469 3378 δέ]
489 3302 555 3362 οὐδ’
575 3307 605 3363 F.
682 3311 722 3360 15.
743 3300 813 3374 ὅπερ
833 3303 892 3359 ἔθει
911 3303 1015 3373 δεῖξαι]
1032 3319 1087 3357 om.
1103 3303 1162 3374 Bq.

143 3383 185 3429 17.
208 3379 317 3446 πρῶτον
341 3375 465 3448 ἀριθμοί
503 3379 557 3433 del.
581 3381 611 3434 et
634 3394 719 3446 supra
742 3394 794 3433 ser.
817 3371 935 3446 πρώτων
961 3369 1097 3444 ἀριθμῶν
1125 3394 1164 3430 m.

141 3448 211 3587 ἓξ]
231 3455 321 3572 ΑΖ18Ρ
336 3453 542 3519 προοτεθεντος
560 3451 590 3504 Β.
651 3456 695 3504 23.
714 3449 780 3520 καί]
799 3467 835 3502 m.
856 3453 871 3502 2
892 3447 926 3517 Β,
946 3462 1000 3501 om.
1018 3444 1054 3500 V.
1118 3453 1164 3503 24.

138 3161 208 3218 ἀλλὰ
223 3167 258 3234 θη
274 3196 308 3205 -
324 3169 370 3218 15:
390 3159 550 3235 ἀδύνατον]
565 3182 620 3219 om.
635 3164 721 3232 BVq.
779 3170 820 3219 10.
837 3159 890 3233 δή]
911 3158 980 3232 μήτε
