2446 3938
136 182 201 248 154
511 181 718 234 Σνοωεωω
737 176 776 234 ς’.

174 350 179 359 ·
203 321 483 411 Παραβεβλήσθω
513 319 579 411 γάρ
607 320 697 410 παρὰ
725 322 788 409 μὲν
813 321 876 409 τήν
904 329 971 391 ΒΓ
989 327 1034 414 τῷ
1055 331 1159 392 ΑΒΓ

134 430 287 521 τριγώνῳ
320 437 397 498 ἴσον
429 427 779 517 παραλληλόγραμμον
810 427 848 497 τὸ
881 435 960 515 ΒΕ,
993 430 1083 516 παρὰ
1117 431 1155 498 δὲ

135 536 198 624 τήν
226 543 291 605 ΓΕ
315 539 361 628 τῷ
389 544 423 603 Δ
452 543 528 604 ἴσον
559 534 909 624 παραλληλόγραμμον
940 534 978 604 τὸ
1011 542 1090 604 ΓΜ
1117 540 1154 605 ἐν

135 648 242 733 γωνίᾳ
264 646 305 732 τῇ
328 640 395 711 ὑπὸ
420 647 530 728 ΖΓΕ,
553 639 576 728 ή
600 643 691 710 ἐστιν
719 649 774 728 ἴση
798 644 837 730 τῇ
861 637 927 710 ὑπὸ
952 646 1057 709 ΓΒΑ.
1101 639 1151 710 ἐπ’

99 748 272 830 λεύθείας
299 747 366 838 άρα
393 749 484 818 ἐστὶν
510 746 532 835 ἡ
562 747 625 834 μὲν
653 753 720 815 ΒΓ
742 751 781 836 τῇ
810 753 887 832 ΓΖ,
915 745 936 835 ἡ
965 748 1003 816 δὲ
1027 755 1094 816 ΛΕ
1114 752 1154 838 τῇ

136 863 220 925 ΕΜ.
264 857 324 924 καὶ
356 854 511 942 εἰλήφθω
542 857 612 922 τών
640 859 713 940 ΒΓ,
732 859 794 922 ΓΖ
821 854 903 940 με’ση
931 851 1102 941 ἀνάλογον
1134 853 1155 942 ή

134 969 219 1049 ΗΘ,
241 962 299 1030 καλ
321 959 573 1048 ἀναγεγράφθω
598 957 664 1027 άπὸ
688 962 747 1046 τῆς
765 965 834 1027 ΗΘ
850 963 897 1051 τῷ
917 966 1021 1028 ΑΒΓ
1035 960 1155 1047 ὅμοιόν

135 1095 171 1138 τε
193 1068 250 1137 καὶ
273 1065 397 1156 ὁμοίως
419 1073 576 1153 κείμενον
598 1064 636 1134 τὸ
660 1072 775 1134 ΚΗΘ.

203 1175 272 1243 Καὶ
299 1177 373 1243 ἐπεί
396 1178 485 1242 ἔστιν
513 1169 559 1253 ώς
585 1168 607 1258 ἡ
636 1177 702 1239 ΒΓ
725 1170 808 1259 πρὸς
838 1170 901 1258 τήν
927 1178 1012 1258 ΗΘ,
1047 1174 1154 1255 οὕτως

84 1279 157 1367 1οή
181 1288 251 1349 ΗΘ
273 1279 356 1368 πρὸς
378 1278 440 1365 τήν
463 1284 540 1364 ΓΖ,
570 1275 630 1345 ἐάν
653 1277 692 1345 δὲ
714 1291 802 1364 τρεῖς
825 1274 959 1345 εὐθεῖαι
981 1276 1154 1367 άνάλογον

136 1381 235 1474 ώσεν,
260 1392 351 1455 ἔστιν
375 1382 420 1466 ὡς
442 1382 463 1471 ἡ
487 1382 601 1472 πρώτη
625 1382 710 1471 πρὸς
731 1385 794 1469 τήν
821 1389 954 1472 τρίτην,
987 1385 1093 1466 οὕτως
1116 1386 1155 1455 τὸ

136 1492 202 1561 άπὸ
231 1497 292 1579 τῆς.
317 1490 450 1580 πρώτης
477 1487 567 1568 εἶδος
596 1488 682 1574 πρὸς
702 1488 741 1557 τὸ
765 1487 831 1558 άπὸ
855 1493 914 1577 τῆς
937 1493 1094 1579 δεοπέρας
1115 1493 1154 1561 τὸ

137 1597 256 1684 ὅμοιον
284 1599 340 1665 καὶ
369 1595 493 1683 ὁμοίως
520 1593 822 1683 άναγραφόμενον,
850 1601 943 1669 ἔστιν
971 1595 1038 1682 άροι
1067 1598 1156 1686 ώςή

136 1711 202 1773 ΒΓ
223 1701 308 1792 πρὸς
334 1701 397 1790 τήν
425 1708 500 1787 ΓΖ,
535 1701 641 1781 οὕτως
677 1699 715 1769 τὸ
744 1707 848 1770 ΑΒΓ
876 1707 1044 1788 τρίγωνον
1075 1704 1159 1791 πρὸς

84 1835 118 1886 15
136 1810 174 1878 τὸ
203 1817 310 1879 ΚΗΘ
336 1815 513 1898 τρίγωνον.
541 1805 647 1875 -άλλά
679 1807 736 1875 καὶ
768 1805 813 1889 ώς
844 1804 865 1894 ή
893 1814 960 1876 ΒΓ
982 1809 1066 1898 πρὸς
1092 1809 1155 1898 τήν

136 1922 212 2002 ΓΖ,
243 1912 349 1996 οὕτως
375 1913 413 1984 τὸ
442 1921 508 1982 ΒΕ
534 1913 884 2004 παραλληλόγραμμον
911 1912 996 2003 πρὸς
1027 1915 1064 1984 τὸ
1093 1924 1157 1985 ΕΖ

137 2021 498 2112 παραλληλόγραμμον.
545 2022 602 2090 καὶ
634 2018 679 2102 ὡς
705 2019 771 2110 άρα
798 2019 836 2090 τὸ
861 2027 967 2089 ΑΒΓ
991 2027 1159 2110 τρίγωνον

137 2128 221 2218 πρὸς
248 2127 286 2199 τὸ
315 2135 423 2196 ΚΗΘ
449 2131 633 2214 τρίγωνον,
662 2127 769 2206 οὕτως
795 2125 834 2196 τὸ
858 2133 924 2194 ΒΕ
949 2129 1157 2216 παραλληλό-

137 2263 294 2326 γραμμον
331 2238 415 2323 πρὸς
451 2233 489 2302 τὸ
522 2241 586 2301 ΕΖ
617 2232 979 2322 παραλληλόγραμμον
1017 2236 1159 2318 ἐναλλάξ

82 2368 118 2418 20
136 2341 204 2430 άρα
231 2340 276 2423 ώς
302 2340 340 2410 τὸ
366 2346 472 2409 ΑΒΓ
494 2344 661 2426 τρίγωνον
687 2337 773 2428 πρὸς
799 2338 837 2408 τὸ
862 2347 928 2409 ΒΕ
947 2342 1159 2430 παραλληλό-

136 2475 306 2536 γραμμον,
344 2447 450 2526 οὕτως
471 2440 524 2513 Ιτὸ
562 2451 670 2514 ΚΗΘ
704 2450 871 2534 τρίγωνον
904 2446 990 2535 πρὸς
1021 2446 1058 2515 τὸ
1093 2454 1158 2516 ΕΖ

136 2552 494 2642 παραλληλόγραμμον.
546 2558 623 2620 ἴσον
646 2551 690 2620 ’δὲ
717 2551 755 2621 τὸ
782 2559 887 2621 ΑΒΓ
910 2558 1078 2641 τρίγωνον
1110 2558 1156 2647 τῷ

136 2668 203 2728 ΒΕ
227 2655 576 2749 παραλληλογράμμῳ·
609 2665 686 2726 ἴσον
713 2656 780 2745 άρα
807 2659 863 2726 καὶ
889 2657 928 2727 τὸ
956 2648 1062 2728 ΚΗΘ
1088 2665 1158 2747 τρί-

136 2791 249 2851 γωνον
272 2767 317 2855 τῷ
341 2769 404 2829 ΕΖ
427 2763 773 2856 παραλληλογράμμῳ.
819 2762 904 2833 άλλά
927 2765 965 2835 τὸ
990 2773 1053 2834 ΕΖ
1075 2788 1156 2855 παρ-

82 2893 118 2944 οε
137 2868 418 2956 αλληλόγραμμον
445 2872 492 2963 τῷ
515 2878 549 2938 Δ
577 2872 667 2940 ἐστιν
696 2877 786 2939 ἴσον·
813 2871 869 2938 καὶ
896 2869 935 2940 τὸ
959 2879 1068 2940 ΚΗΘ
1089 2870 1157 2958 άρα

136 2980 181 3069 τῷ
215 2983 249 3043 Δ
281 2976 371 3042 ἐστιν
399 2983 484 3045 ἴσον.
535 2981 604 3044 ἔστι
635 2975 673 3044 δὲ
701 2974 738 3044 τὸ
766 2977 957 3045 ΚΗΘααὶ
984 2981 1033 3070 τῷ
1057 2983 1161 3047 ΑΒΓ

137 3083 266 3171 ὅμοιον.

207 3193 260 3283 Τῷ
293 3187 360 3277 άρα
392 3189 532 3259 δοθέντι
564 3186 794 3280 εὐθυγράμμῳ
826 3192 872 3280 τῷ
903 3196 1008 3258 ΑΒΓ
1036 3186 1157 3277 ὅμοιον

138 3320 350 3327 -—--—---

210 3373 233 3420 1.
252 3369 290 3439 τῷ
311 3367 407 3437 ΑΒΓ]
427 3383 512 3436 supra
531 3367 561 3420 F.
652 3372 678 3420 4.
698 3367 794 3437 ΓΒΑ]
820 3370 899 3420 ΓΒΑ
918 3387 949 3436 φ.
1041 3372 1065 3422 5.
1086 3369 1155 3440 ΒΓ]

137 3440 202 3508 Ρφ,
220 3438 246 3492 V
260 3455 296 3490 m.
319 3443 346 3502 λ’,
368 3440 417 3490 ΓΒ
437 3437 496 3506 Bp,
516 3435 542 3489 V
556 3453 592 3490 m.
612 3442 637 3490 2.
729 3443 753 3490 6.
773 3436 822 3491 καὶ
844 3433 990 3510 εἰλήφθω]
1014 3436 1155 3507 περιειλή-

141 3513 208 3578 φθω
236 3527 258 3577 φ
287 3511 353 3578 post
375 3524 428 3562 ras.
521 3513 545 3563 7.
566 3507 641 3578 ΗΘ]
666 3507 764 3577 (prius)
791 3523 859 3565 em
879 3507 909 3564 F.
999 3509 1054 3582 τῷ]
1074 3505 1107 3564 τό
1126 3510 1168 3566 F.-
