2446 3938
110 198 176 262 305
489 196 691 248 nomm
709 192 749 263 η’.

173 336 208 403 Ὁ
221 335 286 425 γὰρ
301 343 333 404 Γ
343 334 463 405 ἑαυτὸν
478 336 541 422 μὲν
553 336 846 415 πολλαπλασιάσας
858 332 921 403 τὸν
936 342 970 402 Ε
981 340 1138 422 ποιείτω,

110 441 170 511 τὸν
185 442 223 510 δὲ
238 451 271 509 A
284 442 577 521 πολλαπλασιάσας
591 441 650 510 τὸν
666 451 693 509 Ζ
707 448 851 527 ποιείτω,
867 439 884 509 6
900 440 993 509 δὶἎ
1009 440 1138 509 ἑαυτὸν

110 549 403 629 πολλαπλασιάσας
420 548 481 617 τὸν
499 556 539 615 Η
552 555 697 633 ποιείτω,
716 548 870 635 ἑκάτερος
888 546 928 615 δὲ
948 552 1027 615 τῶν
1048 555 1090 634 Γ,
1106 556 1139 616 A

111 654 171 722 τὸν
200 663 227 721 Ζ
254 654 548 734 πολλαπλασιάσας
580 654 739 743 ἑκάτερον
760 665 830 722 τῶν
856 660 900 739 Θ,
919 660 956 720 Κ
983 659 1138 723 ποιείτω.

76 776 92 822 5
178 761 247 827 Καὶ
276 762 346 829 ἐπεὶ
373 761 475 847 κύβος
503 760 593 828 ἐστὶν
622 757 640 827 6
668 769 716 845 A,
748 756 875 846 πλευρά
904 756 944 825 δὲ
971 755 1091 827 αὐτοῦ
1119 757 1138 828 6

112 872 149 951 Γ,
172 868 227 933 καὶ
252 864 269 934 6
295 874 328 935 Γ
346 866 466 934 ἑαυτὸν
489 866 780 945 πολλαπλασιάσας
797 863 857 932 τὸν
881 871 914 931 Ε
933 871 1139 952 πεποίηκεν,

112 969 130 1039 6
152 977 185 1039 Γ
205 970 271 1055 ἄρα
295 971 415 1040 ἑαυτὸν
438 971 499 1058 μὲν
522 970 817 1050 πολλαπλασιάσας
843 967 905 1037 τὸν
929 977 962 1036 Ε
989 978 1138 1059 πεποίη-

110 1104 185 1161 κεν,
222 1076 282 1144 τὸν
320 1078 358 1145 δὲ
389 1085 421 1144 Ε
449 1075 743 1156 πολλαπλασιάσας
777 1074 839 1143 τὸν
869 1083 902 1142 A
934 1082 1138 1164 πεποίηκεν.

112 1182 168 1251 διὰ
192 1182 232 1249 τά
257 1180 341 1250 αὐτὰ
366 1183 407 1269 δὴ
432 1179 529 1251 καὶὸ
553 1191 587 1248 A
610 1180 733 1249 ἑαυτὸν
751 1181 813 1268 μὲν
831 1182 1140 1263 πολλαπλασιάσας

60 1307 92 1355 10
112 1293 172 1357 τὸν
197 1296 235 1355 Η
252 1295 447 1375 πεποίηκεν,
473 1288 534 1357 τὸν
562 1288 599 1356 δὲ
627 1296 667 1356 Η
688 1287 984 1367 πολλαπλασιάσας
1014 1288 1081 1358 τὸν
1106 1296 1137 1357 Β

111 1400 299 1479 πεποίηκεν.
345 1395 400 1461 καί
423 1382 492 1462 ’ἐπεὶ
516 1392 534 1462 6
558 1400 591 1461 Γ
610 1393 768 1481 ἑκάτερον
795 1398 864 1462 τῶν
886 1399 929 1479 Γ,
950 1402 984 1460 A
1008 1404 1139 1465 πολλα·

111 1498 297 1578 πλασιάσας
324 1499 482 1585 ἑκάτερον
511 1504 581 1567 τῶν
612 1508 652 1585 Ε,
671 1508 698 1567 Ζ
720 1506 915 1587 πεποίηκεν,
944 1505 1042 1569 ἔστιν
1065 1501 1138 1591 ἄρα

113 1601 157 1682 ὡς
186 1601 203 1671 6
232 1610 264 1670 Γ
286 1603 369 1692 πρὸς
395 1604 455 1673 τὸν
480 1614 527 1691 Δ,
556 1606 664 1685 οὕτως
692 1604 710 1674 6
735 1615 767 1673 Ε
787 1606 871 1693 πρὸς
897 1605 958 1673 τὸν
982 1614 1023 1675 Ζ.
1073 1609 1135 1676 διὰ

112 1708 152 1775 τά
182 1707 266 1776 αὐτοὶ
300 1709 342 1796 δὴ
370 1711 426 1777 καὶ
453 1709 499 1790 ὡς
526 1710 544 1780 6
572 1718 605 1779 Γ
632 1711 716 1799 πρὸς
742 1711 805 1782 τὸν
832 1722 881 1798 A,
913 1709 1025 1792 οὕτως
1054 1712 1075 1782 6
1108 1722 1137 1781 Ζ

62 1846 93 1893 1⁶
111 1812 194 1901 πρὸς
221 1813 283 1882 τὸν
311 1821 354 1883 Η.
400 1814 517 1902 πάλιν,
546 1817 615 1885 ἐπεὶ
643 1816 660 1886 6
690 1825 723 1886 Γ
745 1817 904 1906 ἑκάτερον
930 1822 1001 1886 τῶν
1031 1827 1081 1907 Ε,
1108 1828 1136 1888 Ζ

112 1920 404 2000 πολλαπλασιάσας
427 1921 585 2006 ἑκάτερον
608 1926 676 1990 τῶν
698 1932 731 1990 Α
736 1975 746 2009 ,
764 1931 793 1991 Θ
815 1929 1012 2011 πεποίηκεν,
1038 1932 1137 1995 ἔστιν

112 2024 179 2113 άρα
207 2024 252 2106 ὥς
281 2024 299 2094 6
330 2035 361 2094 Ε
386 2027 469 2115 πρὸς
496 2028 557 2096 τὸν
586 2036 629 2114 Ζ,
659 2029 764 2108 οὕτως
793 2027 811 2098 6
840 2039 872 2097 A
898 2029 982 2117 πρὸς
1005 2031 1071 2101 τὸν
1097 2042 1137 2103 Θ.

113 2131 158 2212 ὡς
191 2132 228 2201 δὲ
260 2130 278 2199 6
312 2140 344 2199 Ε
369 2131 453 2219 πρὸς
479 2132 539 2201 τὸν
568 2142 611 2219 Ζ,
644 2132 750 2214 οὕτως
778 2132 796 2202 6
824 2141 857 2201 Γ
879 2135 962 2224 πρὸς
988 2137 1055 2206 τὸν
1086 2150 1137 2208 A·
1222 2213 1223 2216 Ἴ

112 2240 168 2306 καὶ
196 2237 241 2318 ὡς
267 2240 334 2327 άρα
357 2236 375 2306 6
399 2245 432 2306 Γ
449 2239 534 2325 πρὸς
555 2239 616 2307 τὸν
640 2249 689 2325 Δ,
719 2241 824 2320 οὕτως
853 2238 871 2309 6
896 2250 929 2308 A
953 2244 1042 2329 πρὸς
1070 2244 1138 2315 τὸν

61 2376 95 2424 20
115 2353 151 2412 Θ.
197 2343 315 2430 πάλιν,
340 2346 408 2412 ἐπεὶ
427 2346 581 2432 ἑκάτερος
603 2350 671 2413 τῶν
696 2352 733 2431 Γ,
754 2356 787 2413 Δ
808 2347 869 2416 τὸν
893 2355 921 2414 Ζ
939 2355 1139 2421 πολλαπλα-

113 2451 232 2531 σιάσας
260 2449 418 2539 ἑκάτερον
445 2457 514 2520 τῶν
537 2461 579 2537 Θ,
599 2458 633 2518 Κ
654 2459 848 2539 πεποίηκεν,
877 2460 967 2522 ἔστιν
991 2453 1064 2543 ἄρα
1088 2456 1140 2541 ὥς

113 2556 130 2626 6
161 2564 193 2626 Γ
221 2556 304 2643 πρὸς
331 2557 391 2626 τὸν
421 2568 468 2644 A,
501 2558 607 2639 οὕτως
635 2555 652 2626 6
677 2565 706 2625 Θ
733 2558 815 2647 πρὸς
842 2559 903 2628 τὸν
926 2567 967 2630 Κ.
1012 2561 1139 2651 πάλιν,

113 2664 182 2731 ἐπεὶ
207 2661 224 2730 6
251 2672 284 2730 A
308 2664 464 2751 ἑκάτερον
487 2669 555 2731 τῶν
580 2672 624 2749 Ζ,
643 2671 682 2731 Η
700 2665 996 2746 πολλαπλασιάσας
1019 2669 1139 2739 ἑκάτε-

114 2795 175 2855 ρον
207 2773 276 2836 τιόν
304 2777 403 2855 Κ,Β
431 2775 625 2855 πεποίηκεν,
655 2775 746 2838 ἔστιν
774 2770 840 2858 άρα
869 2771 913 2853 ὡς
942 2770 959 2841 6
989 2780 1018 2840 Ζ
1047 2776 1139 2864 πρὸς
1178 2810 1181 2815 ·

59 2904 94 2951 25
113 2872 173 2942 τὸν
201 2881 251 2959 Η,
284 2873 389 2954 οὕτως
417 2873 435 2943 6
463 2882 498 2942 Κ
523 2873 606 2961 πρὸς
633 2875 696 2943 τὸν
724 2885 762 2945 Β.
808 2876 852 2959 ὡς
880 2878 918 2947 δὲ
951 2878 967 2946 6
994 2886 1022 2946 Ζ
1046 2882 1139 2969 πρὸς

113 2978 174 3047 τὸν
198 2987 245 3069 H,
270 2979 375 3061 οὕτως
394 2979 411 3049 ὁ
437 2987 469 3048 Γ
483 2983 567 3067 πρὸς
586 2980 648 3050 τὸν
668 2991 713 3049 A·
736 2984 792 3051 καὶ
811 2982 856 3064 ὡς
875 2984 941 3070 άρα
961 2982 979 3053 6
999 2991 1033 3053 Γ
1047 2987 1139 3076 πρὸς
1222 3033 1223 3036 =

113 3086 174 3155 τὸν
199 3096 247 3173 A,
273 3085 378 3167 οὕτως
402 3086 421 3155 6'
443 3114 477 3155 τε
499 3098 532 3154 Α
554 3087 639 3175 πρὸς
662 3087 721 3156 τὸν
746 3096 774 3155 Θ
797 3091 852 3156 καί
877 3087 894 3158 6
919 3098 948 3157 Θ
966 3090 1052 3177 πρὸς
1071 3092 1138 3162 τὸν

114 3201 149 3260 Κ
175 3194 231 3261 ιιαὶ
259 3190 276 3261 6
305 3200 340 3259 K
364 3192 447 3282 πρὸς
469 3193 531 3262 τὸν
554 3202 591 3262 Β.
634 3199 702 3263 τῶν
725 3202 821 3280 Α,Β
849 3197 916 3285 άρα
944 3196 1008 3265 δύο
1032 3200 1137 3284 μέσοι

115 3297 286 3385 άνάλογόν
311 3304 396 3366 εἰσιν
421 3303 455 3366 oc
475 3308 518 3385 Θ,
538 3307 580 3368 Κ.

185 3446 210 3494 4.
232 3443 267 3511 Ζ]
289 3458 357 3495 eras.
377 3441 410 3495 V.
466 3448 489 3496 6.
510 3443 646 3510 πεποίηκε
667 3443 727 3511 Vq).
785 3449 808 3499 7.
828 3444 965 3511 πεποίηκε
984 3443 1048 3513 th.
1107 3454 1136 3504 8.

114 3512 251 3579 πεποίηκε
272 3512 331 3579 Vq).
398 3517 438 3564 10.
458 3514 595 3581 πεποίηκε
615 3514 676 3583 ch.
740 3520 780 3568 11.
800 3516 937 3583 πεποίηκε
957 3513 1020 3583 th.
1089 3524 1136 3575 17.
1222 3553 1223 3574 1

37 3626 158 3696 fl.
