2446 3938
365 109 641 162 ELEMENTORUM
658 110 768 160 LIBER
785 109 817 160 V.
1073 108 1112 170 11

101 255 202 339 plices
239 257 328 338 sunt,
353 257 399 331 ¹et
435 254 549 338 quinta
591 253 750 318 secundae
788 240 944 337 'sextaque
981 255 1115 336 quartae

102 382 204 447 aeque
227 359 435 444 multiplices,
463 359 562 423 etiam
584 359 692 443 prima
714 358 891 444 quintaque
911 359 1114 444 compositae

103 467 263 533 secundae
286 469 319 530 et
342 465 440 533 tertia
463 464 835 560 sextaque-compositae
855 468 990 549 quartae
1014 486 1115 550 aeque

100 572 298 657 multiplices
322 575 426 637 erunt.

167 701 244 744 nam
268 679 375 765 prima
399 683 464 745 AB
488 679 645 744 secundae
664 681 744 744 Γεὴ
767 679 865 744 tertia
889 684 959 744 ΔΕ
980 683 1115 765 quartae

102 791 130 852 Z
154 807 255 871 aeque
284 784 481 869 multiplices
512 785 593 870 sint,
620 789 653 849 et
676 783 791 870 quinta
814 788 888 849 ΒΗ
907 787 1064 852 secundae
1087 789 1119 850 Γ

101 882 108 895 ’
297 928 318 976 B
405 927 436 976 H
636 895 790 977 sextaque
822 896 885 957 ΕΘ
918 897 1053 976 quartae
1088 897 1115 958 Z

99 983 418 1032 “¹‘'‘'*'‘’'‘¹
535 1014 551 1023 ··
635 1019 735 1081 aeque
786 998 983 1080 multiplices
1038 999 1114 1062 sint.

104 1106 193 1157 ll-=
262 1178 268 1187 ‚
634 1103 715 1187 dico,
738 1104 836 1169 etiam
859 1103 999 1187 primam
1023 1104 1115 1187 quin·

406 1245 431 1295 E
594 1212 764 1294 &tamque
779 1209 975 1294 compositas
985 1213 1061 1274 AH
1066 1231 1114 1274 se·

102 1286 608 1351 A'*¹‘''“‘“¹“‘'¹''¹
632 1315 754 1380 eundae
777 1319 862 1380 Γεὴ
884 1316 1015 1380 tertiam
1045 1337 1113 1381 sex-

102 1407 227 1457 Z'**
632 1423 764 1505 tamque
805 1422 1002 1507 compositas
1048 1427 1116 1486 ΔΘ

101 1533 236 1614 quartae
260 1532 288 1592 Z
310 1548 412 1611 aeque
435 1526 630 1610 multiplices
654 1548 734 1592 esse.

166 1657 242 1699 nam
265 1634 418 1719 quoniam
440 1637 505 1696 AB
527 1632 765 1718 magnitudinis
788 1635 821 1697 Γ
839 1637 872 1698 εὴ
896 1638 969 1698 ΔΕ
990 1633 1114 1718 magni-

99 1741 224 1805 tudinis
254 1744 281 1804 Z
305 1761 406 1824 aeque
434 1738 631 1823 multiplices
659 1743 748 1823 sunt,
781 1742 861 1823 quot
889 1743 965 1804 sunt
992 1740 1027 1803 in
1050 1744 1114 1804 AB

102 1846 320 1932 magnitudini
338 1847 371 1910 Γ
386 1845 548 1929 aequales,
566 1848 619 1909 tot
637 1846 737 1910 etiam
755 1846 791 1910 in
812 1849 882 1909 ΔΕ
894 1849 971 1910 sunt
988 1847 1116 1931 magni-

99 1951 253 2017 tudiniZ
276 1952 437 2037 aequales.
475 1950 587 2014 eadem
610 1950 649 2014 de
672 1972 771 2015 causa
794 1951 906 2034 etiam,
934 1954 1016 2035 quot
1039 1954 1116 2016 sunt
1197 2038 1199 2042 μ

102 2059 138 2122 in
169 2061 241 2123 teta
268 2062 342 2122 BH
363 2056 582 2142 magnitudini
608 2059 641 2120 Γ
667 2056 831 2141 aequales,
864 2060 915 2120 tot
949 2057 1046 2120 etiam
1079 2057 1114 2119 in

104 2167 168 2229 ΕΘ
200 2167 276 2229 sunt
302 2162 522 2248 magnitudini
546 2166 574 2226 Z
602 2163 758 2247 aequales.
797 2183 896 2246 quare
925 2165 1005 2244 quot
1038 2166 1115 2227 sunt

100 2272 136 2334 in
164 2273 236 2334 teta
264 2273 341 2335 AH
364 2268 583 2354 magnitudini
606 2271 639 2332 Γ
662 2269 825 2352 aequales,
851 2267 988 2332 tetidem
1015 2269 1115 2333 etiam

104 2377 140 2440 in
170 2378 242 2440 teta
273 2380 342 2440 Ae
377 2379 454 2439 sunt
482 2374 701 2458 magnitudini
733 2379 760 2438 Z
798 2373 957 2458 aequales.
1003 2373 1115 2458 itaque
1201 2446 1209 2463 ⁵

101 2481 229 2566 quoties
248 2481 420 2564 multiplex
434 2483 484 2544 est
497 2486 530 2544 Α
535 2484 575 2544 Η
584 2481 818 2565 magnitudinis
833 2482 871 2562 Γ,
886 2478 987 2544 toties
1006 2479 1115 2544 multi·
1218 2550 1222 2557 ,

100 2587 176 2672 plex
208 2587 271 2650 erit
303 2586 401 2650 etiam
429 2589 496 2650 ΛΘ
527 2586 761 2672 magnitudinis
795 2590 831 2650 Z.
872 2585 982 2670 itaque
1015 2586 1115 2651 etiam

101 2693 209 2776 prima
236 2696 269 2756 et
302 2692 416 2777 quinta
442 2691 642 2776 compositae
669 2696 745 2756 ΑΗ
768 2691 926 2757 secundae
959 2693 992 2755 Γ
1014 2713 1116 2776 aeque

101 2797 299 2881 multiplices
328 2801 423 2861 erunt
451 2819 489 2861 ac
515 2798 613 2862 tertia
642 2800 797 2882 sextaque
820 2801 890 2862 Aa
917 2801 1051 2881 quartae
1079 2801 1116 2862 Z.

167 2901 257 2988 Ergo
289 2903 317 2966 si
344 2902 451 2986 prima
479 2903 637 2968 secundae
669 2906 702 2967 et
729 2903 827 2967 tertia
852 2906 986 2987 quartae
1014 2925 1116 2988 aeque

102 3008 300 3092 multiplices
319 3012 406 3092 sunt,
425 3012 457 3073 et
482 3009 596 3094 quinta
620 3009 776 3074 secundae
803 3012 958 3094 sextaque
981 3012 1115 3094 quartae

101 3136 202 3199 acque
225 3114 437 3199 multiplices,
468 3115 565 3178 etiam
589 3115 695 3200 prima
717 3115 892 3199 quintaque
916 3115 1115 3198 compositae

101 3220 259 3287 secundae
284 3223 317 3284 et
338 3221 437 3285 tertia
461 3223 615 3305 sextaque
638 3220 838 3306 compositae
858 3226 992 3306 quartae
1015 3243 1136 3306 aeque.

102 3327 300 3412 multiplices
325 3331 434 3412 erunt3
459 3327 544 3412 quud
568 3331 639 3392 erat
661 3328 956 3401 demonstrandum.
