2446 3938
148 186 214 251 348
525 183 726 237 ετοτπνιαα
743 179 787 237 ε’.

148 337 250 415 λογον
278 329 495 413 ἐμπίπτουσιν
523 324 671 412 ἀριθμοί.
717 329 776 392 καί
796 326 886 392 ἐστιν
910 321 956 404 ὡς
979 322 998 392 ἱ.
1022 334 1059 393 A
1082 330 1170 416 πρὸς

147 432 209 501 τὸν
233 439 270 518 Γ,
299 433 406 512 οὕτως
429 430 447 500 ὁ
471 440 503 498 A
524 430 608 520 πρὸς
629 430 691 498 τὸν
714 437 755 498 Β·
800 431 947 498 καὶτῶν
971 439 1019 518 A,
1043 439 1075 500 Β
1101 431 1169 521 άρα

149 537 212 606 δύο
240 539 335 624 μέσοι
363 536 535 624 ἀνάλογον
562 541 779 624 ἐμπίπτουσιν
806 534 958 626 ἀριθμοί.
1004 543 1067 605 καί
1094 541 1171 607 ἐστι

147 643 251 730 κύβος
274 642 292 712 ὁ
308 653 340 712 A
346 666 353 680 ·
376 643 479 730 κύβος
502 641 567 732 ἄρα
586 643 655 711 ἐστὶ
672 643 728 710 καὶ
747 639 765 710 ὁ
781 650 822 710 Β·
856 640 937 732 ὅπερ
957 646 1027 710 ἔδει
1047 648 1170 727 δεῖξαι.

114 854 129 902 ο
636 837 678 909 τ’.

213 958 301 1030 Ἐάν
333 960 506 1050 ἀριθμὸς
538 959 681 1029 ἑαυτὸν
712 960 1069 1042 πολλαπλασιάσας
1101 962 1170 1032 κύ-

148 1072 221 1153 βον
243 1073 354 1158 ποιῇ,
377 1069 443 1136 καὶ
466 1066 584 1148 αὐτὸς
606 1066 728 1152 κύβος
752 1071 870 1135 ἔσται.

213 1173 372 1261 Ἀριθμὸς
399 1174 464 1262 γὰρ
492 1172 510 1242 ὁ
534 1182 566 1241 A
593 1171 714 1240 ἑαυτὸν
736 1172 1030 1254 πολλαπλασιάσας
1052 1175 1170 1261 κύβον

148 1279 209 1347 τὸν
233 1287 261 1347 Β
285 1285 431 1348 ποιείτω·
464 1282 561 1366 λέγω,
584 1279 636 1347 ὅτι
660 1278 716 1345 καὶ
740 1275 758 1346 ὁ
782 1286 815 1345 A
836 1277 940 1364 κύβος
963 1279 1068 1348 ἐστίν.

97 1393 130 1441 10
211 1383 247 1452 ‘0
273 1385 337 1472 γὰρ
360 1395 393 1453 Α
419 1385 479 1452 τὸν
502 1393 531 1452 Β
560 1383 851 1464 πολλαπλασιάσας
878 1383 938 1452 τὸν
961 1389 994 1452 Γ
1016 1394 1169 1458 ποιείτω.

149 1492 218 1560 ἐπεὶΙ
242 1484 305 1558 οὖν
329 1491 347 1558 ὁ
371 1499 404 1557 A
427 1488 548 1557 ἑαυτὸν
571 1489 632 1575 μὲν
655 1490 948 1570 πολλαπλασιάσας
969 1490 1031 1560 τὸν
1054 1501 1085 1561 Β
1110 1520 1169 1563 πε-

148 1601 301 1681 ποίηκεν,
329 1594 389 1663 τὸν
416 1595 454 1662 δὲ
472 1603 501 1662 Β
523 1595 817 1676 πολλαπλασιάσας
837 1594 898 1664 τὸν
920 1603 953 1664 Γ
970 1603 1168 1687 πεποίηκεν,

149 1698 167 1768 ὁ
192 1707 224 1767 Γ
247 1700 313 1790 άρα
339 1700 443 1788 κύβος
470 1703 569 1769 ἐστίν.
614 1701 670 1768 καὶ
698 1701 768 1770 ἐπεὶ
796 1699 814 1770 ὁ
838 1711 870 1770 A
897 1701 1019 1772 ἑαυτὸν
1043 1714 1171 1775 πολλα-

148 1809 332 1888 πλασιάσας
359 1807 420 1876 τὸν
443 1815 471 1875 Β
499 1813 693 1893 πεποίηκεν,
722 1805 740 1874 ὁ
764 1818 796 1874 A
823 1806 889 1896 άρα
915 1807 975 1877 τὸν
999 1817 1028 1877 Β
1052 1828 1172 1901 μετρεῖ

98 1929 130 1978 16
148 1911 231 1980 κατά
258 1913 317 1994 τὰς
345 1916 382 1982 ἐν
411 1912 500 2006 αὑτῷ
528 1913 688 2001 μονάδας.
734 1928 847 2002 μετρεῖ
872 1914 909 1983 δέ
931 1916 988 1982 καὶ
1010 1913 1032 2002 ἡ
1056 1920 1170 2004 μονὰς

148 2017 208 2087 τὸν
231 2029 263 2087 A
290 2018 373 2088 κατὰ
400 2019 460 2100 τάς
488 2022 525 2087 ἐν
548 2017 638 2112 αύτῷ
662 2017 821 2106 μονάδας.
868 2025 959 2089 ἐστιν
982 2020 1049 2111 ἄρα
1073 2022 1169 2113 (ὅςὴ

148 2123 254 2210 μονάς
277 2125 360 2214 πρὸς
383 2126 443 2195 τὸν
467 2135 509 2210 A,
533 2126 640 2205 οὕτως
663 2123 681 2193 ὅ
701 2134 733 2193 Α
754 2125 838 2212 πρὸς
860 2125 921 2194 τὸν
941 2135 978 2194 Β.
1010 2130 1067 2196 καὶ
1095 2133 1168 2201 ἐπεὶ

149 2228 214 2298 <SA
234 2233 338 2301 τόνΒ
362 2231 655 2311 πολλαπλασιάσας
677 2229 737 2299 τὸν
751 2237 784 2299 Γ
802 2238 991 2320 πεποίηκεν,
1017 2232 1078 2303 ὁΒ
1099 2235 1169 2326 ἄρα
1214 2306 1216 2311 ,

148 2335 208 2405 τὸν
231 2344 263 2405 Γ
281 2352 395 2428 μετρεῖ
414 2338 498 2405 κατὰ
519 2336 579 2417 τὰς
602 2339 639 2405 ἐν
662 2341 707 2430 τῷ
731 2347 764 2404 A
786 2338 945 2424 μονάδας.
991 2355 1106 2428 μετρεῖ
1129 2344 1168 2412 δὲ

96 2460 130 2509 20
148 2444 203 2510 καλ
226 2441 247 2529 ἡ
271 2443 377 2530 μονάς
399 2442 460 2511 τὸν
479 2452 512 2510 A
533 2442 616 2510 κατὰ
634 2442 694 2522 τάς
713 2445 749 2511 ἐν
767 2441 858 2537 αύτῷ
878 2444 1037 2530 μονάδας.
1070 2453 1166 2518 ἐστιν

149 2547 215 2636 άρα
238 2546 284 2629 ὡς
306 2547 327 2636 ἡ
351 2548 458 2637 μονάς
480 2548 564 2638 πρὸς
586 2548 647 2619 τὸν
662 2560 704 2635 A,
728 2550 835 2629 οὕτως
858 2547 919 2617 ὃΒ
942 2549 1027 2640 πρὸς
1050 2552 1114 2622 τὸν
1129 2562 1169 2625 Γ.

149 2652 223 2722 ἀλλ’
250 2653 295 2735 ὡς
317 2653 338 2742 ἡ
361 2658 469 2742 μονὰς
490 2654 574 2742 πρὸς
593 2655 653 2724 τὸν
669 2665 711 2741 A,
735 2653 842 2735 ούτως
860 2653 878 2724 ὃ
893 2665 925 2724 A
943 2656 1026 2743 πρὸς
1044 2657 1106 2728 τὸν
1120 2669 1168 2728 Β·

148 2761 204 2828 καὶ
228 2758 273 2840 ὡς
296 2760 361 2850 άρα
385 2759 403 2830 ὁ
427 2771 459 2828 A
481 2761 566 2849 πρὸς
588 2762 648 2830 τὸν
671 2771 715 2848 Β,
740 2760 757 2830 ὁ
781 2770 810 2830 Β
833 2761 918 2851 πρὸς
939 2762 1000 2832 τὸν
1023 2771 1060 2832 Γ.
1107 2770 1168 2836 καλ

150 2867 219 2936 ἐπεὶ
243 2870 279 2934 οῖ
299 2875 343 2953 Β,
366 2874 399 2934 Γ
421 2871 520 2954 κύβοι
543 2872 644 2954 είσίν,
669 2866 779 2955 ὅμοιοι
803 2875 936 2958 στερεοί
958 2874 1052 2938 εἰσιν.
1093 2877 1167 2941 τῶν

96 2980 193 3058 2513,
217 2979 250 3040 Γ
275 2971 341 3061 άρα
374 2973 437 3042 δύο
468 2975 562 3060 μέσοι
592 2972 764 3061 ἀνάλογόν
793 2979 879 3042 εἰσιν
909 2975 1059 3063 ἀριθμοί.
1107 2986 1173 3048 καί

222 3231 246 3279 1.
265 3225 318 3278 καί
339 3219 414 3278 ἐστιν
429 3254 462 3263 -
477 3229 506 3276 3:
535 3217 670 3294 ἀριθμοί]
693 3241 749 3294 mg.
774 3242 810 3278 m.
834 3229 850 3277 2
871 3221 908 3290 V;
931 3223 962 3277 in
985 3223 1065 3277 textu
1091 3217 1167 3282 ὥστε

151 3294 199 3348 καὶ
223 3295 279 3349 τῶν
297 3299 336 3365 A,
356 3298 383 3348 Γ
403 3291 456 3348 δύο
480 3291 560 3363 μέσοι
583 3290 724 3364 ἀνάλογον
748 3290 938 3365 ἐμπεσοῦνται
961 3290 1090 3364 άριθμοί,
1111 3298 1167 3351 sed

149 3365 232 3421 delet.
256 3366 289 3419 V.
347 3372 371 3420 λ.
395 3360 469 3436 άρα]
490 3362 532 3419 ἔτι
551 3386 580 3435 φ.
651 3372 675 3420 3.
697 3361 881 3436 ἐμπίπτουσιν
909 3361 1029 3436 άριθμολ
1056 3361 1166 3421 άνάλο-

149 3455 199 3504 νον
222 3435 303 3504 Bth
345 3435 382 3507 V,
409 3457 456 3506 qv,
495 3430 569 3490 ἐστιν
592 3435 622 3490 P.
701 3443 725 3491 4.
746 3437 783 3508 Α]
805 3453 874 3492 eras.
892 3436 926 3490 V.
999 3432 1103 3509 κύβος]
1124 3455 1166 3493 m.

149 3504 215 3560 2Β.
302 3477 704 3578 ίστί]οω.λ’φ,ἐστίνφρ.
795 3509 833 3579 Β]
854 3524 924 3563 erae.
944 3507 976 3562 V.
1068 3507 1166 3582 Μ’]
