2446 3938
124 201 190 268 334
499 197 701 252 Σοοοτοιοο
719 194 759 264 η’.

598 384 664 444 κγ.

188 481 277 552 Ἐὰν
300 484 487 573 τέσσαρες
506 483 674 572 ἀριθμοὶ
694 484 781 570 ἑξῆς
800 477 1004 567 ἀνάλογον
1024 473 1144 569 οἷσιν,

125 589 143 658 6
181 590 223 658 δὲ
254 593 407 678 πρῶτος
438 589 558 676 κύβος
589 581 626 678 ᾗ,
659 591 723 656 καὶ
757 589 774 656 6
808 591 992 675 τέταρτος
1018 587 1146 674 κύβος

125 701 243 765 ἔσται

89 821 105 871 5
181 801 357 870 Ἔστωσαν
386 803 543 889 τέσσαρες
570 799 712 890 ἀριθμοὶ
740 801 815 887 ἑξῆς
838 799 1008 887 ἀνάλογον
1033 804 1071 869 oc
1095 810 1142 888 A,

124 916 169 994 Β,
187 914 230 994 Γ,
250 916 298 993 A,
331 907 349 975 6
381 907 419 974 δὲ
445 916 478 974 Α
504 905 608 992 κύβος
636 911 732 975 ἔστω·
765 909 865 993 λέγω,
894 905 947 974 ὅτι
970 907 1026 974 καὶ
1057 907 1075 975 6
1107 917 1144 974 A

125 1015 227 1101 κύβος
251 1017 350 1083 ἐστίν.
722 1082 726 1089 ,

189 1119 278 1188 Ἐπεὶ
307 1120 373 1208 γὰρ
402 1123 470 1188 τῶν
498 1127 545 1204 Α,
565 1127 599 1186 A
632 1119 694 1187 δύο
723 1121 818 1206 μέσοι
846 1111 1018 1205 ύνύλογόν
1046 1125 1138 1188 εἰσιν

125 1224 266 1315 ἀριθμοὶ
299 1231 334 1295 oc
363 1235 407 1312 B,
427 1232 468 1312 Γ,
498 1229 533 1294 oc
558 1235 605 1312 A,
625 1235 658 1293 A
686 1225 751 1316 ἄρα
780 1224 896 1313 ὅμοιοί
919 1231 983 1294 εἰσι
1007 1229 1142 1315 στερεοὶ

73 1353 107 1402 10
125 1330 274 1422 ἀριθμοί.
320 1334 424 1419 κύβος
452 1333 490 1401 δὲ
519 1330 537 1400 6
565 1341 610 1400 A·
641 1333 745 1420 κύβος
768 1332 834 1421 ἄρα
856 1334 912 1400 καὶ
936 1331 953 1400 6
979 1342 1025 1400 A·
1055 1332 1140 1423 ὅπερ

126 1443 193 1507 ἔδει
218 1441 332 1520 δεῖξαι.

604 1544 668 1612 κδ’.

190 1648 278 1718 Ἐὰν
298 1650 370 1718 δύο
391 1649 558 1739 ἀριθμοὶ
576 1651 674 1740 πρὸς
694 1650 890 1739 ἀλλήλους
909 1652 1030 1738 λόγον
1050 1658 1146 1741 ἐχω-

127 1777 206 1843 σιν,
231 1753 275 1824 ὃν
298 1756 547 1844 τετράγωνος
570 1758 743 1846 ἀριθμὸς
765 1758 864 1847 πρὸς
885 1757 1144 1847 τετράγωνον

21 1916 25 1921 -
76 1883 107 1932 15
127 1861 319 1952 ἀριθμόν,
353 1861 371 1931 6
405 1863 447 1932 δὲ
478 1867 630 1952 πρῶτος
661 1864 925 1953 τετρύγιοοοςΝ
946 1857 982 1954 ᾗ,
1021 1867 1088 1932 καὶ
1123 1863 1142 1933 6

127 1969 314 2057 δεύτερος
336 1969 587 2057 τετράγωνος
611 1976 731 2038 ἔσται.

195 2074 270 2145 Δύο
297 2076 363 2164 γὰρ
392 2077 532 2165 ἀριθμοὶ
562 2081 597 2144 oc
619 2086 665 2163 A,
685 2085 714 2144 Β
737 2076 820 2165 πρὸς
843 2077 1012 2165 ἀλλήλους
1034 2078 1143 2165 λόγον

128 2183 302 2270 ἐχέτωσαν,
326 2179 368 2251 ὃν
391 2183 598 2272 τετράγωνος
617 2183 763 2273 ἀριθμὸς
787 2185 804 2252 6
824 2191 857 2252 Γ
876 2184 960 2272 πρὸς
978 2184 1145 2272 τετράγω-

127 2315 190 2357 νον
213 2285 363 2377 ἀριθμὸν
385 2289 447 2358 τὸν
470 2299 513 2376 A,
538 2288 555 2358 6
581 2291 619 2359 δὲ
642 2300 674 2359 A
696 2289 903 2378 τετράγωνος
921 2294 1019 2357 ἐστω·
1042 2292 1144 2378 λέγω,

74 2417 109 2468 20
128 2393 179 2463 ὅτι
202 2396 257 2462 καὶ
282 2392 299 2463 6
324 2403 353 2462 Β
376 2395 585 2484 τετράγωνός
609 2400 708 2466 ἐστιν.

191 2501 280 2570 Ἐπεὶ
302 2500 368 2590 γὰρ
392 2505 428 2570 oc
447 2509 486 2587 Γ,
506 2511 540 2568 A
562 2503 767 2593 τετράγωνοί
786 2507 885 2588 Ιεἰσιν,
910 2506 945 2569 οἱ
965 2508 1003 2588 Γ,
1022 2509 1056 2568 A
1076 2500 1146 2590 ἄρα

128 2605 238 2694 ὅμοιοι
258 2611 410 2676 ἐπίπεδοί
430 2613 526 2676 εἰσιν.
567 2613 635 2676 τῶν
658 2615 697 2696 Γ,
718 2619 751 2677 A
774 2608 840 2698 ἄρα
864 2602 912 2689 εἷς
934 2609 1034 2696 μέσος
1058 2605 1144 2675 ἀνύ-

44 2700 49 2708 ’
127 2720 231 2799 λογον
255 2716 405 2800 ἐμπίπτει
427 2712 581 2802 ἀριθμός.
618 2723 677 2783 καί
698 2719 788 2785 ἐστιν
813 2713 857 2797 ὡς
881 2715 899 2784 6
924 2722 956 2784 Γ
975 2715 1059 2803 πρὸς
1082 2715 1146 2784 τὸν

128 2826 176 2906 A,
206 2816 223 2886 6
252 2829 284 2885 A
311 2819 395 2906 πρὸς
422 2820 482 2889 τὸν
510 2828 552 2888 Β·
580 2823 636 2889 καὶ
663 2827 731 2892 τῶν
754 2832 802 2908 A,
820 2831 849 2890 Β
872 2821 939 2911 ἅμα
967 2817 1014 2903 εἷς
1042 2825 1147 2909 μέσος

75 2952 109 3001 25
128 2923 298 3010 ἀνάλογον
331 2927 480 3012 ἐμπίπτει
512 2925 666 3014 ἀριθμός.
712 2934 772 2996 καί
801 2931 892 2996 ἐστιν
923 2927 941 2996 6
970 2939 1002 2995 A
1028 2928 1146 3015 τετρύ-

127 3052 247 3118 γωνος·
262 3031 317 3099 καὶ
337 3029 355 3100 6
375 3040 403 3100 Β
418 3034 483 3122 ἄρα
497 3033 705 3124 τετράγωνός
719 3037 823 3103 ἐστιν·
844 3031 928 3122 ὅπερ
944 3037 1012 3102 ἔδει
1028 3035 1145 3114 δεῖξαι.

128 3162 342 3172 ...η-..ῃ-

200 3219 223 3266 7.
254 3208 332 3265 ἔσται
359 3209 449 3280 Bch.
536 3215 561 3266 9.
585 3216 619 3278 Β,
646 3211 685 3282 Γ]
711 3215 747 3279 Γ,
772 3215 793 3263 Β
816 3230 846 3278 φ.
884 3208 955 3264 εἰσιν
980 3209 1010 3266 Ρ.
1099 3216 1144 3266 14.

128 3279 301 3352 τετράγωνος
326 3276 452 3351 ἀριθμὸς
478 3278 564 3353 πρός]
588 3299 644 3352 mg.
669 3302 698 3369 μ.
740 3279 916 3349 τετράγωνος
938 3301 974 3350 φ,
998 3280 1047 3335 sed
1071 3297 1144 3338 corr.

130 3358 171 3406 15.
192 3349 316 3422 ἀριθμός
335 3373 366 3422 φ,
385 3353 434 3407 sed
453 3370 520 3407 corr.
558 3346 576 3424 β
596 3372 770 3422 τετραγωνος
784 3353 875 3421 Bvqo.
933 3359 975 3408 16.
995 3347 1129 3421 δεύτερος

128 3420 274 3484 λοιπόςΡ.
365 3429 407 3478 22.
429 3423 564 3493 slotvzp.
655 3430 697 3480 23.
717 3422 782 3493 καί]
807 3423 856 3478 κοιλ
875 3419 941 3478 ἐπεί
957 3425 988 3479 Ρ.
1079 3420 1130 3477 τόν

129 3510 182 3550 om.
202 3492 233 3549 B.
307 3499 349 3547 24.
369 3491 436 3565 τόν]
458 3511 512 3551 om.
533 3496 563 3550 Β,
637 3500 679 3551 25.
700 3491 733 3566 6]
753 3490 874 3556 ὡςὸΡ.
