2446 3938
105 196 172 261 324
483 198 686 252 mmm<
703 195 744 267 η’.

103 347 137 409 Γ
150 338 233 426 πρὸς
255 338 315 406 τὸν
339 347 367 406 Ζ
389 341 444 407 καὶ
470 337 487 408 5
512 350 546 407 A
563 338 647 427 πρὸς
664 339 726 408 τὸν
744 346 784 407 Η
796 340 851 407 καὶ
871 336 889 408 5
909 348 942 407 E
958 338 1049 429 πρὸς
1067 340 1130 411 τὸν

107 454 152 530 Θ,
185 443 291 524 οὕτως
319 443 336 513 5
365 456 397 513 A
423 445 507 534 πρὸς
533 446 593 514 τὸν
622 454 664 514 Ν.
711 446 828 531 πάλιν,
860 446 931 514 ἐπεὶ
964 447 1130 535 ἑκάτερος

105 556 173 620 τῶν
201 561 245 637 Ε,
264 559 293 619 Θ
319 550 380 620 τὸν
410 561 455 620 Μ
476 552 770 633 πολλαπλασιάσας
793 552 950 639 ἑκάτερον
980 556 1055 621 τῶν
1083 560 1129 639 Ν,

103 661 134 735 Ξ
158 664 353 744 πεποίηκεν,
377 664 468 727 ἔστιν
491 657 557 744 ἄρα
580 657 626 739 ὡς
649 687 667 727 ο
693 668 725 727 Ε
744 657 829 747 πρὸς
850 656 911 726 τὸν
939 666 986 745 Θ,
1017 659 1130 739 οὕτως

70 763 124 833 οὸ
154 773 192 833 Ν
217 764 302 853 πρὸς
328 764 389 833 τὸν
412 768 447 842 Ξ.
493 761 567 832 ἀλλ’
593 763 675 845 ώςὸ
700 773 732 833 Ε
752 763 836 852 πρὸς
857 762 920 831 τὸν
943 770 990 849 Θ,
1016 762 1129 846 οὕτως

105 870 123 940 5'
151 899 186 939 τε
214 877 247 938 Γ
273 871 357 957 πρὸς
384 870 444 938 τὸν
472 879 499 938 Ζ
526 872 581 938 καὶ
611 871 629 938 5
661 880 694 937 A
720 870 804 955 πρὸς
830 869 891 938 τὸν
918 876 966 937 Η·
996 872 1058 939 καὶ
1082 869 1129 953 ὡς

103 977 170 1064 ἄρα
197 975 215 1044 5
243 984 275 1044 Γ
299 977 383 1065 πρὸς
409 976 470 1045 τὸν
499 986 527 1044 Ζ
554 978 610 1045 καὶ
638 978 656 1045 5
688 985 722 1044 A
749 975 832 1065 πρὸς
857 975 920 1044 τὸν
948 983 990 1043 Η
1017 977 1079 1044 καὶ
1107 977 1126 1045 5

103 1092 136 1152 E
165 1083 247 1170 πρὸς
278 1083 339 1151 τὸν
367 1092 408 1169 Θ,
442 1086 548 1163 οὕτως
575 1082 595 1150 5
622 1110 657 1151 τε
689 1093 722 1151 A
749 1082 833 1171 πρὸς
858 1081 920 1150 τὸν
948 1089 989 1150 Ν
1018 1084 1080 1151 καὶ
1108 1081 1127 1151 5

102 1198 141 1257 Ν
165 1189 249 1275 πρὸς
275 1188 336 1257 τὸν
364 1193 399 1265 Ξ.
445 1189 562 1275 πάλιν,
591 1191 661 1258 ἐπεὶ
690 1190 708 1257 5
734 1196 763 1256 Θ
785 1188 847 1255 τὸν
868 1195 914 1254 Μ
930 1195 1128 1257 πολλαπλα-
1200 1230 1203 1237 -

51 1310 85 1357 10
105 1297 225 1376 σιοῖσας
251 1295 311 1362 τὸν
339 1300 369 1371 Ξ
393 1302 588 1381 πεποίηκεν,
612 1294 698 1364 ἀλλὰ
728 1294 796 1381 μὴν
822 1294 878 1360 καὶ
901 1292 962 1387 τὸν
986 1301 1020 1360 Λ
1041 1303 1128 1364 πολ-

103 1402 331 1480 λαπλασιάσας
362 1400 422 1469 τὸν
450 1409 479 1468 Β
506 1409 703 1488 πεποίηκεν,
731 1407 822 1469 ἔστιν
854 1398 920 1487 ἄρα
953 1399 1000 1479 ὡς
1034 1400 1053 1469 5
1085 1408 1132 1469 M

101 1510 186 1595 πρὸς
214 1507 274 1575 τὸν
308 1515 354 1592 Λ,
387 1505 494 1587 οὕτως
522 1505 539 1573 5
568 1511 599 1584 Ξ
625 1508 710 1593 πρὸς
736 1507 798 1576 τὸν
830 1515 867 1575 Β.
914 1503 990 1574 ἀλλ’
1027 1503 1078 1587 ὥς
1106 1504 1126 1575 5

101 1622 147 1683 M
168 1612 251 1698 πρὸς
272 1612 333 1680 τὸν
362 1620 408 1699 A,
436 1611 542 1694 οὕτως
565 1614 584 1681 5
607 1641 642 1682 τε
665 1621 697 1683 Γ
716 1611 799 1697 πρὸς
820 1612 882 1681 τὸν
906 1620 933 1679 Ζ
955 1613 1013 1680 καὶ
1042 1612 1063 1682 5
1091 1622 1128 1681 A

101 1720 186 1809 πρὸς
207 1719 267 1788 τὸν
290 1727 330 1786 Η
352 1720 408 1786 καὶ
428 1717 446 1787 5
470 1728 502 1786 E
527 1719 611 1809 πρὸς
633 1719 694 1788 τὸν
717 1728 755 1788 Θ.
800 1720 856 1787 καὶ
885 1716 930 1799 ὡς
954 1718 1024 1807 ἄρα
1048 1718 1069 1788 5
1097 1726 1131 1789 Γ
1222 1751 1223 1810 ι

49 1848 82 1895 15
101 1825 186 1911 πρὸς
207 1826 267 1894 τὸν
291 1835 318 1893 Ζ
341 1828 397 1894 καὶ
422 1826 439 1894 5
466 1836 499 1894 A
522 1826 606 1913 πρὸς
629 1825 689 1894 τὸν
713 1833 751 1893 H
769 1826 825 1893 καὶ
849 1823 867 1893 5
891 1833 924 1893 E
949 1823 1036 1913 πρὸς
1059 1825 1125 1895 τὸν

102 1939 145 2017 Θ,
179 1930 284 2013 οὕτως
311 1932 354 2000 οὐ
386 1932 494 2018 μόνον
523 1931 540 2001 5
569 1937 600 2011 Ξ
624 1932 709 2022 πρὸς
738 1930 799 2000 τὸν
827 1940 872 2019 Β,
900 1928 985 1999 ἄλλα
1014 1932 1074 1999 καὶ
1104 1934 1123 2001 ὁ
1216 1925 1218 1930 “

100 2049 133 2107 Α
163 2037 245 2126 πρὸς
272 2037 331 2106 τὸν
359 2045 398 2105 Ν
421 2039 476 2106 καὶ
501 2036 519 2106 5
547 2045 586 2106 N
609 2039 693 2127 πρὸς
715 2036 777 2107 τὸν
803 2041 840 2115 Ξ.
882 2040 917 2105 oc
942 2046 989 2127 A,
1010 2045 1062 2125 Ν,
1083 2042 1125 2125 Ξ,

102 2153 132 2212 Β
160 2144 226 2231 ἄρα
253 2147 327 2232 ἑξῆς
354 2151 440 2214 εἰσιν
468 2142 639 2231 ἀνάλογον
669 2147 706 2212 ἐν
733 2157 806 2223 τοῖς
832 2145 1023 2233 εἰρημένοις
1050 2149 1125 2214 τῶν
1222 2161 1223 2184 ¹

102 2258 256 2339 πλευρῶν
279 2253 401 2338 λόγοις.

46 2377 81 2425 20
168 2361 279 2444 Λέγω,
309 2359 361 2426 ὅτι
388 2361 444 2426 καὶ
473 2358 490 2425 5
519 2366 552 2423 A
578 2356 663 2445 πρὸς
685 2358 744 2424 τὸν
767 2365 796 2425 Β
819 2362 1042 2444 τριπλασίονα
1064 2361 1126 2427 λό-

99 2491 162 2550 γον
190 2469 256 2551 ἔχει
287 2462 370 2552 ἥπερ
403 2463 424 2551 ἡ
454 2463 618 2550 ὁμόλογος
645 2461 772 2552 πλευρὰ
799 2461 883 2551 πρὸς
909 2463 971 2550 τὴν
995 2460 1123 2549 ὁμόλο-

101 2598 164 2656 γον
186 2570 351 2659 πλευράν,
374 2573 546 2639 τουτέστιν
569 2569 653 2658 ἥπερ
679 2568 697 2638 5
721 2576 753 2637 Γ
779 2566 926 2658 ἀριθμὸς
947 2567 1033 2657 πρὸς
1055 2569 1122 2639 τὸν

101 2685 129 2743 Ζ
153 2674 173 2762 ἢ
198 2674 216 2743 5
241 2684 274 2743 A
296 2677 379 2764 πρὸς
401 2677 462 2746 τὸν
485 2683 526 2743 Η
543 2678 598 2745 καὶ
623 2682 670 2745 ἔτι
686 2674 712 2743 5
737 2684 769 2743 E
788 2673 872 2764 πρὸς
889 2674 949 2743 τὸν
969 2681 1006 2743 Θ.
1047 2678 1122 2745 ἐπεὶ

98 2783 164 2869 γὰρ
188 2785 343 2870 τέσσαρες
366 2781 508 2870 ἀριθμοὶ
531 2784 605 2869 ἑξῆς
628 2781 801 2868 ἀνάλογόν
828 2785 915 2848 εἰσιν
943 2784 979 2849 οἱ
1002 2788 1052 2868 Α,
1071 2790 1122 2870 Ν,

45 2907 80 2954 25
99 2892 143 2973 Ξ,
165 2896 206 2973 Β,
235 2885 252 2954 5
277 2898 309 2955 A
337 2888 403 2979 ἄρα
431 2889 514 2973 πρὸς
540 2888 601 2957 τὸν
626 2896 654 2955 Β
677 2893 897 2977 τριπλασίονα
920 2886 1027 2973 λόγον
1052 2893 1135 2979 ἔχει,

99 2993 183 3083 ἥπερ
212 2994 229 3062 ὁ
259 3004 292 3062 Α
319 2995 403 3082 πρὸς
430 2995 490 3064 τὸν
518 3003 561 3062 Ν.
607 2992 680 3063 ἀλλ’
712 2992 756 3074 ὡς
785 2991 803 3062 5
827 3003 859 3061 A
882 2992 965 3082 πρὸς
987 2991 1048 3061 τὸν
1071 3002 1122 3083 Ν,

100 3100 207 3180 οὕτως
230 3103 366 3188 ἐδείχθη
391 3100 410 3170 5'
432 3128 467 3170 τε
491 3107 523 3169 Γ
540 3099 624 3189 πρὸς
647 3099 709 3168 τὸν
733 3108 760 3167 Ζ
783 3100 839 3168 καὶ
863 3100 881 3168 5
903 3109 936 3166 A
953 3098 1036 3189 πρὸς
1056 3099 1121 3170 τὸν
1217 3133 1221 3150 ·

99 3214 139 3273 Η
156 3208 211 3274 καὶ
235 3212 282 3274 ἔτι
307 3205 324 3275 5
349 3216 381 3275 E
401 3206 484 3296 πρὸς
506 3206 567 3276 τὸν
592 3214 627 3274 Θ.
671 3206 728 3273 καὶ
756 3206 774 3274 5
798 3214 831 3273 A
854 3204 919 3293 ἄρα
947 3205 1031 3295 πρὸς
1054 3207 1121 3277 τὸν

170 3410 194 3457 2.
214 3405 260 3474 N]
280 3420 350 3457 corr.
370 3421 404 3458 ex
422 3403 499 3457 KV.
574 3410 598 3457 6.
617 3403 686 3456 Post
705 3406 736 3455 Η
755 3400 818 3458 add.
837 3400 871 3456 P:
896 3400 946 3456 καὶ
965 3396 980 3455 ὁ
1002 3404 1026 3455 Ε
1045 3400 1122 3473 πρὸς

97 3469 149 3528 τὸν
170 3475 201 3528 Θ.
274 3476 323 3527 καὶ
343 3470 471 3536 ‹fig-8:
491 3469 541 3528 τὸν
562 3474 605 3543 Θ]
631 3472 684 3527 del.
705 3471 727 3524 P
746 3474 775 3526 et
792 3491 829 3526 m.
850 3479 864 3525 1
885 3475 914 3527 et
933 3490 969 3527 m.
991 3478 1016 3526 2.
1091 3481 1119 3530 8.

96 3545 142 3616 τε]
158 3562 211 3599 om.
226 3546 256 3599 P.
331 3551 355 3597 9.
374 3545 416 3614 Ξ]
433 3548 454 3596 Z
468 3565 499 3611 φ.
575 3550 615 3597 14.
637 3546 670 3599 Θ.
697 3544 750 3598 καί
763 3538 800 3605 ὡς
814 3537 870 3613 ἄρα
885 3539 900 3597 5
922 3547 949 3597 Γ
965 3539 1038 3613 πρὸς
1052 3542 1120 3619 τόν]
