2446 3938
88 196 92 203 ·
133 175 195 240 116
421 190 427 201 ·
518 175 720 228 ΣΤοΙΧΕιωω
739 170 778 227 ς’.
799 172 807 185 ·

193 315 282 384 ’Βπεῖ
306 309 370 384 οὖν
401 324 477 385 ἴσον
501 315 571 384 ἐστὶ
593 313 631 383 τὸ
656 321 761 383 ΑΒΓ
779 319 947 403 τρίγωνον
969 322 1015 406 τῳ
1040 320 1152 380 ΑΔΕ

128 421 298 514 τριγώνῳ,
336 419 419 490 ἀλλο
452 421 493 489 δέ
522 448 553 490 τι
585 418 623 489 τὸ
655 428 775 507 ΒΑΔ,
809 424 899 486 ἔστιν
931 415 999 506 ἀρα
1031 415 1077 498 ὡς
1110 417 1148 487 τὸ

129 534 224 596 ΓΑΒ
254 531 420 615 τρίγωνον
448 527 533 617 πρὸς
559 525 598 595 τὸ
630 533 736 594 ΒΑΔ
762 531 944 614 τρίγωνον,
974 523 1083 605 οὕτως
1110 523 1149 593 τὸ

129 641 239 702 ΕΑΔ
265 639 432 725 τρίγωνον
460 633 544 723 πρὸς
575 631 613 701 τὸ
643 640 749 700 ΒΑΔ
776 638 952 721 τρίγωνον.
999 627 1073 698 ἀλλ’
1105 629 1152 712 ώς

97 739 193 827 ὃμὲν
215 739 254 809 τὸ
278 747 374 810 ΓΑΒ
398 739 482 828 πρὸς
504 738 543 807 τὸ
567 747 690 824 ΒΑΔ,
720 737 826 817 οὕτως
848 735 869 823 ἡ
893 742 955 805 ΓΑ
976 733 1060 824 πρὸς
1087 736 1151 824 τὴν

130 854 217 934 ΑΔ,
249 844 294 928 ώς
322 847 360 917 δὲ
387 843 424 914 τὸ
448 852 555 912 EAA
578 844 664 933 πρὸς
685 845 723 913 τὸ
749 851 869 930 ΒΑΔ,
898 841 1006 923 οὕτως
1031 839 1059 929 ἡ
1083 852 1152 912 EA

130 936 214 1040 πρῖις
241 952 302 1041 τὴν
334 959 408 1019 ΑΒ.
459 950 515 1018 καὶ
549 948 595 1030 ώς
618 948 685 1038 ἀρα
713 947 734 1036 ἡ
769 956 829 1018 ΓΑ
858 947 943 1037 πρὸς
973 945 1035 1034 τὴν
1068 958 1151 1037 ΑΔ,
1189 1032 1198 1038 ,

131 1056 237 1137 οὕτως
260 1055 281 1144 ἡ
311 1065 377 1125 EA
405 1054 489 1146 πρὸς
515 1054 578 1142 τὴν
601 1063 678 1124 ΑΒ.
726 1060 793 1124 τών
817 1061 927 1141 ΑΒΓ,
950 1060 1058 1122 ΑΔΕ
1083 1053 1153 1144 ἀρα

131 1162 307 1254 τριγώνων
341 1160 630 1230 ἀντιπεπόνθασιν
662 1164 700 1228 αἴ
729 1161 870 1250 πλευραὶ
907 1162 945 1228 αἴ
978 1160 1053 1248 περὶ
1090 1160 1152 1242 τὰς

81 1285 116 1334 10
136 1280 210 1351 ἴσας
232 1275 365 1356 γωνίας.

198 1371 297 1444 Ἀλῖὰ
320 1373 361 1460 δὴ
381 1372 722 1442 ἀντιπεπονθέτωσαν
741 1376 778 1440 αἴ
794 1373 934 1461 πλευραὶ
953 1375 1022 1442 τών
1041 1378 1153 1458 ΑΒΓ,

135 1488 244 1548 ΑΔΕ
264 1481 455 1568 τριγώνων,
482 1480 539 1547 καὶ
568 1485 651 1547 ἔστω
680 1476 725 1559 ώς
747 1477 768 1566 ἡ
793 1485 854 1547 ΓΑ
876 1476 960 1566 πρὸς
981 1475 1044 1565 τὴν
1067 1488 1152 1567 ΑΔ,

136 1583 242 1665 οὕτως
274 1583 294 1672 ἡ
327 1593 394 1653 EA
425 1583 509 1674 πρὸς
539 1583 602 1671 τὴν
635 1593 713 1652 ΑΒ·
746 1585 848 1672 λέγω,
886 1584 938 1653 ὅτι
971 1591 1048 1652 ἴσον
1081 1586 1152 1654 ἐστὶ

61 1714 67 1721 ·
133 1689 172 1759 τὸ
197 1697 300 1759 ΑΒΓ
318 1699 485 1779 τρίγωνον
508 1694 554 1784 τῷ
580 1697 688 1758 ΑΔΕ
708 1688 872 1782 τριγώνῳ.

81 1813 114 1860 15
197 1794 470 1894 Ἐπιζευχθείσης·ι
485 1795 550 1886 γάρ
577 1795 679 1865 πάλιν
702 1800 762 1884 τῆς
788 1804 871 1883 ΒΔ,
901 1796 975 1864 ἐπεί
994 1797 1084 1864 ἐστιν
1109 1795 1155 1878 ὡς

133 1901 155 1991 ἡ
185 1909 245 1972 ΓΑ
273 1902 445 1993 πρὸςτὴν
474 1911 560 1991 ΑΔ,
596 1903 703 1984 οὕτως
729 1901 750 1991 ἡ
780 1911 846 1972 ΕΑ
872 1899 956 1992 πρὸς
984 1901 1047 1990 τὴν
1075 1913 1154 1992 ΑΒ,

134 2005 208 2077 ἀλλ’
241 2008 286 2092 ώς
313 2011 375 2099 μὲν
402 2007 424 2098 ἡ
452 2016 513 2079 ΓΑ
539 2008 623 2100 πρὸς
651 2010 715 2098 τὴν
742 2018 830 2096 ΑΔ,
861 2007 968 2090 οὕτως
990 2008 1028 2078 τὸ
1053 2018 1160 2080 ΑΒΓ

134 2119 300 2204 τρίγωνον
323 2116 408 2206 πρὸς
430 2114 468 2184 τὸ
488 2124 593 2184 ΒΑΛ
612 2122 791 2203 τρίγωνον,
816 2113 860 2196 ὡς
883 2114 921 2183 δὲ
944 2112 965 2202 ἡ
985 2122 1052 2184 EA
1069 2117 1156 2205 πρὸς

100 2220 196 2308 ’τὴν
224 2231 306 2310 ΑΒ,
335 2223 441 2304 οὕτως
468 2222 505 2290 τὸ
535 2230 642 2290 ΕΑΔ
668 2227 835 2311 τρίγωνον
862 2220 948 2311 πρὸς
978 2223 1017 2291 τὸ
1047 2231 1156 2320 ΒΑΔ

81 2344 115 2392 20
138 2335 322 2416 τρῖγωνον,
347 2327 392 2410 ώς
415 2327 482 2416 ἀρα
505 2326 542 2395 τὸ
568 2335 674 2396 ΑΒΓ
691 2335 859 2417 τρίγωνον
882 2326 966 2417 πρὸς
988 2326 1026 2398 τὸ
1049 2336 1157 2398 ΒΑΔ

135 2424 319 2523 τρίγωνον,
352 2435 459 2514 οὕτως
485 2432 523 2501 τὸ
547 2441 614 2502 EA
622 2443 656 2502 A
677 2441 844 2523 τρίγωνον
873 2434 957 2524 πρὸς
983 2433 1020 2503 τὸ
1049 2442 1156 2504 ΒΑΔ

135 2546 313 2630 τρίγωνον.
363 2540 521 2628 ἑκάτερον
552 2537 618 2623 ἀρα
646 2544 713 2608 τών
741 2546 850 2628 ΑΒΓ,
866 2549 973 2609 ΕΑΔ
1001 2539 1084 2629 πρὸς
1116 2542 1154 2610 τὸ

135 2655 245 2714 ΒΑΔ
263 2645 324 2714 τὸν
344 2642 451 2713 αὐτὸν
474 2649 540 2732 ἔχει
564 2643 677 2731 λόγον.
717 2655 794 2715 ἴσον
817 2645 884 2736 ἀρα
908 2647 977 2714 ἐστὶ
999 2645 1037 2716 τὸ
1057 2654 1161 2716 ΑΒΓ

138 2756 333 2837 [τρίγωνον]
357 2754 402 2842 τῳ
427 2757 533 2818 ΕΑΔ
555 2750 718 2843 τριγώνῳ.

83 2870 116 2922 25
206 2859 283 2922 Τών
307 2853 374 2943 ἀρα
397 2863 481 2924 ἴσων
504 2857 559 2924 καὶ
578 2863 660 2943 μίαν
678 2861 739 2946 μιᾷ
760 2867 838 2944 ἴσην
858 2857 1007 2945 ἐχόντων
1025 2866 1156 2946 γωνίαν

133 2960 311 3052 τριγώνων
348 2959 636 3032 ἀντιπεπόνθασιν
676 2967 714 3033 αἱ
744 2965 885 3054 πλευραὶ
918 2968 956 3032 αἴ
985 2967 1061 3054 περὶ
1097 2965 1157 3047 τὰς

135 3078 209 3151 ἴσας
237 3073 375 3156 γωνίας·
402 3071 458 3138 καὶ
486 3061 535 3139 ών
563 3075 644 3158 μίαν
668 3075 728 3159 μιᾷ
753 3079 831 3157 ἴσην
855 3070 1003 3158 ἐχόντων
1026 3078 1158 3158 γωνίαν

134 3348 208 3408 ”’Τ’
210 3351 244 3406 A'
207 3283 501 3425 2ΤιΓΟΠΒΑΒΙΕΓρ,
514 3355 540 3409 V
555 3284 731 3410 mIJEML'
696 3301 848 3426 EQ*
813 3290 891 3409 ώιάτώ
902 3284 944 3426 ly
949 3292 1072 3418 optat*
1052 3287 1159 3566 {pff}

136 3424 916 3507 tEAA]B1·¹Vm.2;AAEVm.1;AAEP.
986 3432 1068 3481 ΒΑΔ
1100 3427 1150 3483 litt

63 3460 213 3710 ,ΒΑ
203 3512 235 3551 m
252 3513 306 3552 ras.
324 3514 362 3552 m.
385 3468 458 3551 ΞΓ.
533 3488 690 3569 τρίγωνον]
707 3514 797 3566 comp.
817 3495 850 3550 V.
926 3504 950 3555 ἴ.
973 3494 1038 3570 τήν]
1058 3498 1159 3570 (prius)
