2446 3938
127 173 191 239 152
414 224 417 229 .
509 175 710 228 ΣΤΟΙΧΕΙΩΝ
728 170 768 227 ς’.

125 317 181 384 καὶ
209 317 279 384 ἐπεὶ
311 319 447 404 ἐδείχθη
475 313 521 397 ὡς
548 316 609 402 μὲν
637 315 658 402 ἡ
687 321 758 383 ΔΓ
780 313 864 403 πρὸς
894 314 956 403 τὴν
984 322 1060 401 ΓΑ,
1089 314 1143 384 οὕ-

125 449 190 502 τως
217 420 237 509 ἡ
266 429 333 491 HZ
360 421 444 510 πρὸς
470 421 533 509 τὴν
565 429 645 507 ΖΑ,
673 419 718 502 ὡς
747 421 784 490 δὲ
816 419 837 509 ἡ
869 428 940 488 ΑΓ
966 422 1050 511 πρὸς
1082 421 1146 509 τὴν

126 534 203 615 ΓΒ,
232 526 338 611 οὕτως
360 527 381 617 ἡ
402 536 468 597 ΑΖ
490 526 573 616 πρὸς
595 525 657 614 τὴν
681 535 757 615 ΖΕ,
788 526 833 597 δι’
861 537 938 597 ἴσον
961 526 1028 616 άρα
1052 528 1142 596 ἐστὶν

127 632 172 715 ὡς
194 633 215 722 ἡ
239 641 310 703 ΔΓ
327 634 412 724 πρὸς
434 633 495 722 τὴν
517 640 595 720 ΓΒ,
619 632 726 715 οὕτως
748 632 769 722 ἡ
792 641 860 703 ΗΖ
884 632 967 722 πρὸς
976 632 1046 720 ’τὴν
1072 641 1144 705 ΖΕ.

91 745 194 809 ὁτῶν
223 741 289 826 άρα
314 747 462 827 ΑΒΓΔ,
485 746 558 809 ΕΗ
583 739 941 829 παραλληλογράμμων
972 737 1147 826 άνάλογόν

126 851 212 914 εἰσιν
236 851 273 915 αλ
293 848 433 935 πλευραὶ
457 847 585 935 αἱπερὶ
605 844 663 926 τὰς
682 854 756 927 ἴσας
774 854 912 933 γωνίας·
937 843 1058 932 ὅμοιον
1077 845 1144 934 άρα

127 953 195 1021 ἐστὶ
213 951 251 1023 τὸ
267 960 401 1023 ΑΒΓΔ
419 952 769 1041 παραλληλόγραμμον
787 958 832 1042 τῳ
852 960 927 1021 ΕΗ
935 960 1144 1041 παραλληλο-

125 1062 274 1153 γράμμῳ.
330 1059 386 1129 διά
424 1058 463 1128 τά
501 1057 585 1128 αὐτὰ
623 1059 665 1147 δὴ
678 1114 687 1145 -.
697 1058 735 1128 τὸ
766 1065 899 1128 ΑΒΓΔ
934 1060 1144 1146 παραλληλό-

126 1193 280 1254 γραμμον
302 1167 359 1235 καὶ
381 1171 427 1259 τῷ
450 1172 518 1234 ΚΘ
540 1166 876 1259 παραλληλογράμμῳ
898 1164 1018 1251 ὅμοιόν
1038 1168 1146 1235 ἐστιν·

74 1292 107 1341 10
129 1274 285 1361 ἑκάτερον
314 1271 379 1362 άρα
406 1275 474 1341 τῶν
501 1279 586 1358 ΒΗ,
610 1272 678 1339 ΘΚ
707 1270 1065 1361 παραλληλογράμμων
1097 1278 1143 1366 τῷ

125 1384 259 1446 ΑΒΓΔ
287 1375 650 1468 [παραλληλογράμμῳ]
683 1375 802 1464 ὅμοιόν
826 1380 927 1446 ἐστιν.
971 1376 1012 1445 τά
1036 1379 1074 1446 δὲ
1096 1384 1143 1472 τῷ

125 1483 215 1576 αὐτῷ
244 1483 473 1574 εὐθυγράμμῳ
503 1481 602 1569 ὅμοια
630 1483 686 1551 καὶ
714 1481 873 1571 ἀλλήλοις
905 1484 997 1553 ἐστὶν
1030 1482 1144 1571 ὅμοια·

125 1590 180 1657 καὶ
207 1588 245 1657 τὸ
274 1596 348 1656 ΕΗ
370 1587 437 1678 άρα
468 1589 818 1678 παραλληλόγραμμον
849 1595 895 1683 τῷ
924 1599 992 1660 ΘΚ
1018 1600 1144 1678 παραλ-

125 1693 349 1786 ληλογράμμῳ
373 1692 493 1782 ὅμοιόν
518 1697 618 1764 ἐστιν.
1169 1780 1174 1789 Ι

74 1819 106 1868 15
195 1801 330 1882 Παντὸς
352 1800 419 1885 άρα
445 1801 796 1891 παραλληλογράμμου
824 1801 864 1871 τά
887 1805 963 1892 περὶ
985 1802 1047 1892 τὴν
1072 1805 1144 1872 θιά-

125 1936 247 1997 μετρον
275 1909 604 1996 παραλληλόγραμμα
632 1906 732 1996 ὅμοιά
761 1912 831 1979 ἐστι
859 1913 905 2003 τῷ
933 1937 968 1979 τε
996 1908 1144 2002 ὅλῳκαὶ

125 2011 294 2104 άλλήλοις·
319 2014 400 2104 ὅπερ
424 2019 492 2084 ἔδει
516 2018 628 2098 δεῖξαι.

71 2439 106 2491 20
125 2427 171 2516 τῷ
196 2424 360 2492 δοθέντι
383 2431 473 2490 λ’σον
496 2420 538 2490 τὸ
563 2419 659 2490 αὐτὸ
684 2423 972 2510 συστήσασθαι.

181 2529 290 2599 Ἔστω
318 2527 350 2596 v?
383 2528 444 2615 μὲν
473 2527 578 2596 δοθὲν
602 2525 860 2618 εὐθύγραμμον,
892 2523 918 2624 ᾦ
948 2535 1001 2601 δεῖ
1022 2533 1144 2620 ὅμοιον

124 2636 371 2723 συστήσασθαι,
394 2633 432 2701 τὸ
454 2639 563 2719 ΑΒΓ,
588 2625 615 2725 ᾦ
638 2634 676 2703 δὲ
699 2639 754 2703 δεῖ
775 2644 866 2724 ἴσον,
889 2636 928 2706 τὸ
952 2649 998 2706 Δ·
1023 2644 1077 2708 δεῖ
1099 2639 1142 2728 δὴ

123 2745 168 2830 τῷ
192 2740 253 2826 μὲν
276 2744 380 2806 ΑΒΓ
398 2739 532 2825 ὅμοιον,
560 2744 607 2832 τῷ
631 2741 669 2809 θλ
693 2750 726 2808 Δ
750 2749 826 2810 ἴσον
849 2742 887 2812 τὸ
913 2743 995 2815 αὐτὸ
1021 2747 1143 2834 συστή-

124 2855 259 2914 σασθαι.

126 2965 340 2977 ,.-.----

195 3005 280 3060 XXV.
299 3004 373 3060 Hero
392 3005 447 3062 def.
468 3012 527 3062 116
565 3008 725 3063 Eutooius
717 3027 747 3064 1n
764 3008 895 3080 Apollon.
915 3025 942 3077 p.
962 3015 1004 3064 53.

197 3156 220 3206 1
241 3149 308 3220 ΓΑ]
329 3152 441 3203 Feras.
461 3148 490 3205 F
572 3156 597 3207 2.
619 3151 690 3222 HZ]
711 3153 768 3204 ΖΗ
784 3149 837 3221 Fp.
924 3151 1001 3277 AF)
1015 3167 1086 3207 eras.
1106 3152 1142 3209 F.

124 3226 148 3274 3.
169 3220 237 3308 FB]
256 3224 278 3273 Β
298 3237 367 3275 eras.
387 3219 418 3276 F
499 3227 523 3275 4.
545 3220 611 3348 FF)
629 3220 731 3276 ΒΓΡ.
814 3229 838 3277 6,
859 3219 976 3292 εἰσιν]ε
1020 3239 1090 3278 eras.
1109 3225 1141 3278 F.

161 3297 184 3345 7
204 3290 253 3361 το]
278 3307 347 3346 corr.
375 3307 408 3346 ex
430 3291 468 3362 τῷ
487 3309 524 3348 m.
543 3298 559 3346 2
685 3289 988 3419 παραλληλόγραμμοτργ
1013 3311 1082 3350 corr.
1107 3311 1142 3351 ex

123 3382 200 3447 παρα
182 3359 391 3436 αλληλογράμ
380 3383 401 3416 ω
420 3381 457 3416 m.
477 3368 492 3416 2
512 3362 545 3417 V
619 3363 676 3435 τῷ]
698 3380 759 3418 corr
783 3380 817 3418 ex
830 3383 863 3417 το
877 3382 906 3417 m
930 3370 946 3417 θ

123 3428 376 3502 ληλόγραμμον,
404 3449 473 3488 corr
499 3451 536 3488 m.
561 3439 586 3491 2.
678 3439 702 3489 8.
733 3430 843 3505 δη]θη
867 3433 973 3501 ναίΓ;
1002 3438 1054 3490 καί
1075 3437 1138 3493 add.

123 3505 198 3559 Vm.
218 3508 243 3557 2.
325 3511 349 3559 9.
369 3504 434 3576 καί]
454 3521 490 3558 m.
512 3504 578 3558 ΞΓ.
660 3506 734 3576 ΚΘ]
755 3506 858 3562 ΘΚΡ.
939 3512 979 3560 11.
1000 3511 1140 3578 παραλλη-

989 3407 994 3419 .
1031 3383 1090 3434 παρ
1093 3370 1141 3420 αλ-
