2446 3938
315 213 590 265 ELEMENTORUM
608 214 717 263 omme
736 212 782 262 rx.
998 208 1064 272 365

52 359 161 442 itaque
185 360 228 440 E,
250 361 283 419 A
305 357 390 421 inter
413 378 446 420 se
469 354 567 440 primi
591 358 673 420 suni.
721 357 754 418 ei
778 354 932 437 quoniam
955 356 987 415 E
1008 375 1065 417 nu·

55 485 179 528 merum
200 469 232 526 A
256 463 397 548 met'tur,
420 484 494 527 eum
518 461 692 526 seeundum
709 465 736 524 Z
755 462 918 525 metietur.
955 460 1065 543 itaque

56 575 88 635 E
100 585 143 639 ><
158 574 185 633 Z
200 599 241 623 =
257 574 298 634 A.
340 592 450 634 rursus
475 568 628 653 quoniam
651 573 683 631 A
705 589 875 631 numerum
899 572 932 630 A
955 587 1065 630 seeun-

56 676 133 740 dum
163 676 305 741 unitotes
327 675 454 740 numeri
477 677 509 739 Γ
528 671 707 759 metiturl),
735 673 798 738 erit
821 679 853 737 A
866 687 910 740 ><
924 674 956 735 Γ
967 701 1008 724 =
1024 676 1066 735 A.

54 804 167 846 uerum
196 786 228 845 E
243 797 285 849 ><
301 786 328 845 Ζ
344 812 385 834 ==
399 786 441 846 A.
486 782 595 865 itaque
618 784 650 844 A
664 794 708 848 ><
723 782 806 844 Γι-
823 783 854 842 Ε
866 794 908 847 ><
925 781 960 842 Z.
1006 778 1066 841 ita-

56 910 118 972 que
133 893 164 951 A
178 910 185 951 :
200 892 232 951 E
245 919 287 942 =
303 892 329 951 Z
345 912 352 952 ε
367 890 400 952 Γ
415 886 502 970 [VII,
519 887 582 966 19].
614 908 728 950 uerum
742 890 783 969 A,
798 889 829 949 E
844 884 951 969 primi,
969 884 1068 967 primi

62 997 171 1058 autem
194 993 292 1056 etiam
311 993 438 1057 minimi
459 991 547 1075 [VII,
560 992 628 1073 21],
650 991 778 1054 minimi
797 994 906 1054 autem
925 1012 990 1073 eoo,
1013 989 1068 1072 qui

57 1099 192 1162 eandem
219 1100 382 1163 rationem
409 1098 544 1179 hebeni,
573 1097 752 1180 aequaliter
778 1097 958 1161 metiuntur
982 1095 1069 1178 [VII,

60 1204 131 1285 20],
159 1205 355 1286 praecedens
382 1203 627 1287 praecedentem
656 1207 689 1267 ei
712 1223 849 1286 sequens
873 1205 1069 1284 sequentem.

56 1310 167 1392 itaque
191 1314 223 1373 Ε
248 1331 416 1373 numerum
440 1312 472 1373 Γ
495 1309 636 1374 metitur.
682 1309 835 1372 metiatur
862 1329 936 1372 eum
960 1328 1069 1371 seeun-

61 1415 137 1479 dum
159 1418 202 1480 H.
249 1416 357 1501 iiaque
381 1419 412 1480 Ε
424 1430 467 1483 ><
481 1418 522 1478 Η
531 1446 573 1467 =
589 1417 625 1480 Γ.
661 1437 775 1478 uerum
797 1416 931 1497 propter
952 1435 1071 1497 propo-

60 1521 213 1585 sitionem
242 1522 486 1606 praecedentem
513 1522 611 1586 etiam
639 1526 671 1584 A
685 1536 727 1588 ><
742 1525 770 1585 B
786 1549 829 1573 =
843 1521 875 1583 Γ
896 1520 1000 1603 [prop.
1024 1517 1070 1583 XI

58 1627 193 1707 ooroll.].
240 1628 349 1712 itaque
372 1634 404 1692 A
418 1643 461 1695 ><
477 1632 505 1691 Β
521 1657 562 1679 =
578 1631 610 1690 Ε
621 1642 664 1693 ><
678 1630 721 1689 H.
768 1647 866 1710 quare

330 1736 600 1797 Azn=H:B
625 1731 795 1815 [VII,19].

59 1859 180 1902 uerum
194 1844 235 1922 A,
250 1843 281 1901 Ε
293 1838 399 1922 primi,
415 1838 513 1920 primi
527 1840 636 1901 autem
650 1837 750 1900 eiiam
763 1837 888 1900 minimi
904 1836 992 1920 ΝΠ,
1007 1838 1073 1920 21],

60 1944 192 2008 minimi
206 1949 314 2008 autem
328 1945 453 2008 numeri
467 1965 531 2027 eoo,
550 1943 605 2028 qui
620 1942 753 2006 eandem
767 1941 928 2007 rationem
942 1943 1073 2025 habent,

60 2049 244 2133 aequaliier
266 2051 443 2115 metiuntur
468 2047 554 2132 [VII,
576 2049 643 2131 20],
665 2048 860 2133 praecedens
883 2047 1074 2130 praeceden-

62 2159 132 2220 tem
156 2160 189 2219 et
212 2176 347 2238 sequens
371 2158 568 2241 sequentem.
605 2154 716 2238 itaque
733 2159 765 2218 Ε
780 2175 950 2218 numerum
965 2156 993 2216 Β
1012 2174 1074 2215 me·

60 2263 152 2325 titur.
184 2262 338 2326 metiatur
360 2283 433 2325 eum
457 2261 631 2326 seeundum
651 2264 687 2325 Θ.
721 2260 831 2344 itaque
852 2263 883 2323 Ε
891 2272 934 2328 ><
944 2263 972 2323 Θ
984 2288 1026 2310 =
1037 2262 1074 2323 Β.

64 2389 179 2430 uerum
203 2368 300 2431 etiam
324 2372 356 2430 A
369 2382 412 2435 ><
427 2373 458 2431 A
474 2397 516 2420 =
530 2370 559 2430 B
585 2369 691 2450 [prop.
709 2364 813 2446 VIII].
859 2366 968 2449 itaque

396 2477 427 2536 E
439 2488 482 2541 ><
497 2477 526 2536 (d
541 2502 582 2525 =
597 2478 629 2535 A
643 2487 687 2540 ><
700 2477 742 2536 A.

64 2582 176 2663 itaque
206 2583 257 2643 E:
273 2585 305 2642 A
319 2609 360 2631 =
375 2585 407 2643 A
421 2602 429 2642 r
443 2582 472 2642 Θ
496 2576 673 2662 [Vll‚19].
718 2599 831 2642 uerum
854 2582 899 2659 A,
923 2581 955 2640 E
980 2577 1077 2660 primi

66 2690 155 2770 sunt,
188 2685 286 2769 primi
318 2690 426 2750 eutem
454 2687 554 2749 eiiam
584 2685 712 2748 minimi
741 2682 828 2767 [VIL
847 2684 919 2766 21],
951 2684 1078 2747 minimi

67 2796 177 2856 autem
205 2814 274 2875 eoo,
304 2793 359 2876 qui
388 2791 522 2856 eandem
550 2792 710 2856 rationem
737 2790 871 2873 habent,
900 2790 1078 2874 aequaliter

64 2917 246 2925 ———..—

139 2969 165 3034 1)
185 2966 227 3018 Ex
245 2965 340 3019 ooroll.
364 2982 443 3034 prop.
462 2965 513 3029 XI,
537 2963 612 3032 quod
635 2964 748 3019 omnino
771 2963 958 3018 neceesarium
982 2966 1024 3018 eet
1042 2964 1078 3016 od

67 3036 263 3103 definiendum,
284 3037 437 3089 seeundum
456 3036 573 3104 quotum
592 3035 710 3103 quisque
724 3051 871 3089 numerum
884 3034 971 3088 olium
985 3050 1078 3102 quem-

65 3106 302 3176 mmmmm

66 3252 239 3263 ,.-.-.----
246 3251 317 3260 ---ο
674 3250 704 3257 --
872 3249 1079 3258 ..η-...η-

75 3316 233 3388 ἧγούμενον
253 3339 287 3388 φ,
308 3319 357 3374 sed
376 3335 443 3373 corr.
515 3315 566 3372 τὸν
585 3313 758 3388 ἡγούμενον]
783 3335 838 3386 mg.
864 3337 894 3385 φ.
969 3323 1010 3371 13.
1030 3313 1080 3372 αὖ·

73 3392 112 3460 τῷ
136 3392 175 3458 V,
199 3390 248 3446 sed
271 3406 340 3445 com.
431 3394 474 3443 20.
493 3385 556 3458 τόν]
582 3388 613 3441 in
634 3404 687 3443 ras.
712 3408 741 3455 φ.
815 3382 892 3441 25.ὁ
917 3381 985 3459 ἄρα]
1007 3386 1081 3443 ἔστιν

73 3456 237 3529 r'r'oothp.
292 3460 480 3529 26.Θ,ΕΒ,
532 3455 606 3530 ἐστί]
621 3476 674 3513 om.
692 3456 750 3527 ch.
806 3457 982 3525 2⁷.E,AP.
1037 3466 1081 3514 29.

74 3531 193 3601 ἔχοντας
212 3528 308 3595 αὐτοῖς
327 3533 423 3586 Theon
442 3530 552 3601 (BVrp).
