2446 3938
96 188 161 252 326
471 188 674 241 Στοικωιαα
693 184 731 255 η’.

96 338 125 397 Β
154 334 374 416 τριπλασίονα
403 327 507 415 λόγον
535 334 601 415 ἔχει
628 326 712 416 ἥπερ
742 326 764 414 ἡ
793 325 962 413 ομόλογος
991 328 1124 419 πλευρά

97 434 181 522 πρὸς
216 434 278 520 τὴν
312 432 481 520 ὁμόλογον
513 433 678 521 πλευράν,
708 434 879 501 τουτέστιν
918 432 1010 523 ἥπερ
1044 433 1065 505 ὁ
1099 441 1130 504 Γ

97 538 244 627 άριθμὸς
271 537 358 627 πρὸς
384 539 444 607 τὸν
470 530 501 607 ’Ζ
528 541 583 607 καί
612 538 630 607 ὁ
660 548 694 607 Δ
720 538 806 626 πρὸς
830 537 892 607 τὸν
920 546 963 607 Η
986 542 1047 609 καί
1078 548 1126 611 ἔτι

98 644 116 714 6
143 655 174 714 E
194 645 277 733 πρὸς
299 645 359 713 τὸν
383 654 424 713 Θ·
450 644 532 733 ὅπερ
555 651 624 715 ἔδει
648 648 763 728 δεῖξαι.

63 872 79 921 5
229 920 232 929 ,
583 864 625 926 κ’.

162 981 250 1050 Ἐάν
279 980 350 1049 δύο
380 979 567 1069 ἀριθμῶν
591 978 647 1062 εἷς
675 985 793 1069 μέσος
821 981 1033 1070 ἀνάλογον
1060 987 1126 1072 ἐμ-

99 1096 216 1177 πίπτῃ
260 1086 446 1175 ἀριθμός,
485 1090 620 1174 ὅμοιοι
658 1092 840 1158 ἐπίπεδοι
875 1094 1045 1158 ἔσονται
1088 1094 1128 1159 οἰ

100 1194 277 1282 ἀριθμοί.
1189 1274 1201 1291 ,Ι

163 1302 237 1369 Δύο
261 1302 327 1387 γάρ
352 1298 512 1389 ἀριθμῶν
535 1305 604 1369 τῶν
628 1311 674 1386 A,
693 1309 722 1368 Β
746 1296 794 1381 εἰς
816 1303 916 1388 μέσος
943 1299 1126 1390 ἀνάλογον

48 1421 82 1470 10
102 1408 284 1494 ἐμπιπτέτω
313 1406 460 1494 ἀριθμὸς
488 1407 506 1473 6
532 1413 571 1473 Γ’
604 1410 704 1495 λέγω,
734 1407 785 1476 ὅτι
814 1411 848 1476 οἰ
872 1417 920 1494 A,
941 1415 970 1475 Β
1006 1409 1127 1496 ὅμοιοι

103 1517 256 1582 ἐπίπεδοί
276 1516 362 1579 εἰσιν
386 1509 535 1599 ἀριθμοί.

167 1621 401 1706 Εἰλήφθωσαν
436 1617 529 1704 [γὰρ]
568 1618 734 1707 ἐλάχιστοι
771 1620 913 1708 ἀριθμοὶ
949 1624 1022 1687 τῶν
1061 1620 1127 1691 τὸν

101 1724 207 1794 αὐτὸν
230 1726 335 1812 λόγον
359 1724 505 1813 ἐχόντων
528 1739 598 1805 τοῖς
621 1736 663 1812 A,
682 1733 714 1793 Γ
733 1729 769 1794 οἰ
791 1735 834 1812 A,
853 1734 896 1794 E·
919 1728 1030 1808 ἰσάκις
1055 1729 1127 1813 άρα

103 1830 121 1900 6
151 1841 183 1899 A
211 1831 272 1901 τὸν
300 1840 333 1899 A
360 1845 474 1920 μετρεῖ
498 1833 596 1901 καὶὸ
622 1841 654 1900 E
674 1832 735 1901 τὸν
758 1838 794 1901 Γ.
836 1832 951 1913 ὁσάκις
974 1834 1020 1921 δὴ
1044 1831 1065 1902 ὁ
1092 1843 1128 1903 Δ

51 1951 83 2001 15
104 1938 164 2007 τὸν
192 1948 225 2006 Α
247 1954 374 2029 μετρεῖ,
400 1943 560 2007 τοσαῦται
588 1940 734 2027 μονάδες
761 1944 910 2008 ἔστωσαν
938 1943 975 2009 ἐν
1003 1944 1051 2033 τῷ
1084 1950 1127 2010 Ζ·

104 2048 122 2115 ὁ
158 2055 185 2115 Ζ
214 2047 280 2135 άρα
308 2045 369 2115 τὸν
397 2055 431 2113 A
458 2046 751 2127 πολλαπλασιάσας
778 2045 838 2115 τὸν
866 2055 898 2113 A
930 2052 1126 2133 πεποίηκεν.

104 2155 188 2223 ὥστε
217 2181 235 2221 ο
265 2164 297 2222 A
325 2153 480 2232 ἐπίπεδός
508 2156 612 2237 ἐστιν,
646 2153 786 2240 πλευραὶ
815 2153 852 2221 δὲ
880 2152 986 2221 αὐτοῦ
1014 2157 1050 2221 οἰ
1079 2164 1127 2241 A,
1222 2150 1223 2185 ὁ

104 2268 140 2328 Ζ.
186 2259 302 2343 πάλιν,
327 2261 396 2326 ἐπεὶ
417 2261 451 2326 οἰ
468 2266 511 2343 A,
530 2266 563 2325 E
579 2261 749 2346 ἐλάχιστοί
764 2264 829 2326 εἰσι
846 2263 916 2327 τῶν
933 2260 995 2328 τὸν
1015 2256 1127 2329 αὐτὸν

103 2366 207 2451 λόγον
238 2365 384 2452 ἐχόντων
415 2379 487 2444 τοῖς
518 2371 561 2451 Γ,
581 2372 625 2452 Β,
659 2365 768 2445 ἰσάκις
796 2364 862 2453 άρα
891 2364 909 2433 ὁ
938 2373 972 2432 A
1003 2366 1067 2433 τὸν
1099 2372 1133 2434 Γ

52 2496 87 2544 20
106 2485 218 2557 μετρεῖ
243 2471 298 2538 καί
328 2468 345 2537 6
376 2479 408 2538 E
432 2469 493 2538 τδν
521 2478 558 2538 Β.
605 2470 721 2551 ὁσάκις
750 2471 792 2558 δὴ
822 2468 839 2538 ὁ
869 2478 900 2537 Β
924 2469 985 2538 τὸν
1008 2477 1039 2537 Β
1068 2497 1128 2556 με-

106 2591 190 2665 τρεῖ,
214 2581 374 2644 τοσαῦται
397 2576 542 2663 μονάδες
565 2582 715 2646 ἔστωσαν
738 2580 843 2667 ἐντῷ
867 2583 910 2644 Η.
953 2574 970 2643 ὁ
996 2583 1030 2643 Ε
1055 2575 1128 2665 ἄρα

104 2682 165 2751 τὸν
188 2691 216 2750 Β
240 2698 353 2771 μετρεῖ
373 2683 457 2751 κατὰ
480 2683 539 2762 τὰς
563 2687 599 2751 ἐν
622 2689 667 2776 τῷ
690 2690 730 2751 Η
752 2687 916 2770 μονάδας·
945 2679 962 2749 6
992 2688 1034 2748 H
1055 2680 1128 2769 άρα

104 2789 165 2856 τὸν
190 2797 221 2854 Ε
246 2788 539 2869 πολλαπλασιάσας
566 2789 628 2858 τὸν
656 2798 684 2857 Β
713 2795 902 2875 πεποίηκεν.
950 2786 967 2854 6
996 2794 1027 2854 Β
1056 2785 1128 2877 άρα

178 3046 201 3093 1.
221 3034 328 3107 πλευρά
348 3036 419 3106 πρὸς
437 3034 488 3106 τὴν
512 3033 665 3109 ὁμόλογον]
691 3055 748 3106 mg.
768 3056 798 3104 φ.
890 3041 915 3090 6,
936 3028 1070 3104 ἐμπίπτει
1088 3034 1128 3103 V,

107 3129 176 3167 corr.
200 3130 236 3165 m.
263 3116 286 3164 1.
378 3117 403 3164 9.
428 3107 514 3179 μέσον
538 3109 569 3162 Β.
661 3103 816 3178 ἀνάλογον]
842 3123 896 3161 om.
919 3105 1009 3174 Βῖφ.
1048 3105 1083 3158 In
1102 3105 1129 3158 Β

107 3199 261 3252 suprascr.
281 3199 318 3236 m.
338 3187 367 3235 2:
393 3177 433 3241 εἷς
452 3177 535 3249 μέσος
554 3174 696 3266 άνάλομον
716 3175 874 3249 ἐμπιπτέτω
900 3172 916 3230 ὁ
942 3179 969 3230 Γ
989 3171 1130 3247 άριδμός,

89 3249 145 3316 ’ὡς
163 3252 178 3309 ὁ
199 3260 220 3306 Α
239 3248 310 3320 πρὸς
329 3247 380 3306 τὸν
400 3254 437 3321 Γ,
457 3247 472 3303 6
493 3254 519 3304 Γ
534 3247 606 3318 πρὸς
623 3270 674 3304 τον
692 3253 723 3304 Β,
780 3255 820 3303 12.
841 3245 906 3330 γάρ]
924 3265 978 3302 om.
992 3247 1021 3300 P.
1080 3252 1129 3302 13.

106 3330 142 3389 A,
158 3326 197 3394 Γ]
217 3330 253 3391 A,
269 3327 305 3391 Γ,
326 3327 347 3375 Β
369 3322 428 3390 Βφ,
448 3320 517 3376 etV
535 3322 628 3376 deleto
643 3327 674 3375 Β.
710 3321 779 3375 Post
797 3323 822 3375 E
841 3337 871 3373 1n
886 3319 939 3387 Vq>
958 3316 1022 3373 add.
1048 3314 1130 3372 ἔστιν

108 3389 165 3461 ἄρα
189 3390 227 3456 ὥς
251 3389 266 3446 ὁ
290 3399 316 3446 Δ
341 3389 412 3461 πρὸς
430 3388 480 3447 τὸν
499 3396 537 3462 Ε,
564 3388 579 3446 ὁ
600 3397 622 3447 A
641 3388 711 3461 πρὸς
728 3388 779 3447 τὸν
801 3395 831 3445 Γ.
869 3385 906 3452 οὸς
924 3387 956 3444 δὲ
977 3385 992 3442 6
1012 3391 1033 3441 A
1055 3385 1130 3457 πρὸς

107 3461 158 3518 τδν
178 3468 215 3533 Γ,
235 3460 249 3517 ὁ
271 3467 298 3517 Γ
313 3459 385 3533 πρὸς
403 3459 454 3518 τὸν
473 3469 495 3516 Β
516 3465 553 3532 (Θ
568 3466 608 3532 φ).
646 3464 695 3517 κοιλ
714 3458 752 3525 τὸς
775 3458 831 3531 άρα
850 3455 866 3514 ὁ
888 3467 913 3514 Δ
932 3456 1002 3531 πρὸς
1019 3455 1071 3513 τὸν
1091 3463 1130 3531 Ε,

109 3529 125 3586 6
151 3539 177 3589 Γ
197 3533 266 3606 πρὸς
290 3531 341 3588 τὸν
366 3538 402 3599 B,
425 3535 501 3589 idem
524 3533 546 3585 Β
565 3552 622 3604 mg.
642 3553 678 3588 m.
699 3541 715 3588 2
734 3529 780 3602 (δή
799 3549 849 3603 pro
869 3529 920 3600 δέ).
1013 3536 1056 3585 16.
1075 3549 1130 3585 πε-
