2446 3938
133 210 199 276 342
468 184 471 189 ’
506 209 708 261 monumen
725 202 771 262 α’.

197 509 284 578 Ἐὰν
309 510 380 578 δύο
405 507 572 595 ἀριθμοὶ
592 509 1014 587 πολλαπλασιάσαντες
1032 505 1156 593 άλλή-

134 626 227 696 λονς
253 621 399 684 ποιῶσι
426 615 695 702 τετράγωνον,
725 614 862 702 ὅμοιοι
890 616 1081 682 ἐπίπεδοί
1101 620 1155 682 εί-

135 744 199 791 σιν
223 720 399 811 ἀριθμοί.

99 852 115 900 5
192 828 368 897 Ἔστωσαν
397 827 460 897 δύο
489 826 631 916 ἀριθμοὶ
660 830 694 895 ολ
717 836 764 913 A,
788 835 831 912 Β,
858 827 914 893 καὶ
938 824 956 894 6
980 835 1013 892 A
1036 826 1101 895 τὸν
1125 834 1153 894 Β

32 1008 35 1013 ⁴
135 935 428 1014 πολλαπλασιάσας
445 933 656 1022 τετράγωνον
674 933 735 1002 τὸν
750 939 782 1000 Γ
795 938 943 1000 ποιείτω·
976 934 1075 1018 λέγω,
1101 933 1154 1001 ὅτι

135 1044 171 1108 oc
192 1050 234 1126 A,
256 1049 285 1108 Β
305 1040 416 1127 ὅμοιοι
439 1043 593 1108 ἐπίπεδοί
613 1043 699 1107 εἰσιν
722 1037 874 1126 ἀριθμοί.

195 1147 231 1213 Ὁ
260 1145 324 1234 γάρ
348 1156 380 1213 A
403 1146 524 1216 ἑαυτὸν
546 1144 839 1225 πολλαπλασιάσας
861 1142 921 1212 τὸν
945 1152 978 1210 A
1000 1151 1153 1213 ποιείτω·

134 1250 153 1320 6
173 1261 206 1320 A
228 1251 294 1339 άρα
316 1252 523 1341 τετράγωνός
546 1256 645 1321 ἐστιν.
681 1254 737 1320 καὶ
761 1253 830 1320 ἐπεὶ
854 1248 872 1319 6
891 1259 924 1317 A
946 1250 1069 1319 ἑαυτὸν
1091 1252 1154 1338 μὲν

86 1383 120 1431 10
138 1362 431 1439 πολλαπλασιάσας
457 1359 517 1427 τὸν
541 1367 575 1425 A
601 1364 795 1446 πεποίηκεν,
824 1357 883 1426 τὸν
912 1358 950 1424 δὲ
972 1366 1001 1426 Β
1030 1366 1155 1427 πολλα-

135 1465 321 1542 πλασιάσας
343 1464 404 1533 τὸν
427 1471 459 1532 Γ
477 1470 672 1550 πεποίηκεν,
696 1470 786 1533 ἐστιν
810 1466 876 1554 ἄρα
899 1462 944 1544 ὡς
967 1464 985 1533 6
1009 1473 1043 1532 A
1065 1464 1154 1554 πρὸς

135 1571 196 1638 τὸν
219 1579 264 1655 Β,
293 1570 310 1637 6
336 1579 369 1637 Δ
395 1569 478 1658 πρὸς
504 1568 565 1637 τὸν
588 1577 625 1638 Γ.
670 1572 726 1638 καὶ
749 1571 819 1638 ἐπεὶ
844 1570 861 1638 6
887 1579 920 1637 A
942 1570 1156 1657 τετράγωνός

137 1679 243 1762 ἐστιν,
276 1673 361 1743 άλλύι
392 1677 448 1744 καλ
477 1674 557 1763 ὁΓ,
587 1681 622 1744 ολ
644 1687 692 1763 A,
716 1684 748 1745 Γ
771 1676 839 1765 ἄρα
866 1675 977 1763 ὅμοιοι
1000 1681 1160 1746 ἐπίπεδοί

138 1787 233 1850 εἰσιν.
278 1788 346 1852 τῶν
370 1792 419 1870 Δ,
442 1791 475 1851 Γ
497 1782 564 1871 άρα
593 1777 641 1864 εἷς
668 1785 768 1870 μέσος
791 1781 962 1869 άνάλονον
986 1786 1155 1870 ἐμπίπτει.

85 1909 119 1958 15
137 1895 196 1957 καί
217 1892 307 1957 ἐστιν
331 1888 376 1970 ὡς
399 1889 417 1958 6
443 1899 476 1957 A
498 1888 582 1977 πρὸς
604 1889 665 1958 τὸν
688 1896 727 1975 Γ,
758 1889 864 1968 οὕτως
887 1887 905 1958 6
929 1899 961 1957 A
984 1889 1069 1976 πρὸς
1092 1890 1157 1959 τὸν

135 2005 176 2065 Β·
214 1997 271 2065 καὶ
297 2000 365 2065 τῶν
389 2005 436 2084 A,
460 2004 489 2064 Β
517 1996 583 2085 ἅμα
608 1991 656 2076 εἷς
679 1997 779 2083 μέσος
801 1995 972 2081 ἀνάλογον
991 1999 1156 2084 ἐμπίπτει.

136 2103 196 2173 ἐὰν
229 2103 267 2171 δέ
299 2103 362 2171 δύο
396 2101 554 2190 ἀριθμῶν
586 2096 634 2182 εἷς
666 2104 765 2189 μέσος
797 2099 967 2188 άνάλονον
997 2105 1156 2194 ἐμπίπτῃ,

136 2209 249 2297 ὅμοιοι
265 2212 417 2278 ἐπίπεδοί
432 2215 518 2278 είσιν
538 2214 602 2294 [ολ]
624 2208 779 2298 ἀριθμοί·
804 2212 840 2278 oc
856 2207 922 2294 άρα
936 2217 979 2295 Α,
994 2216 1022 2276 Β
1039 2207 1160 2297 ὅμοιοί

136 2321 223 2385 εἰσιν
245 2319 407 2384 ἐπίπεδοι·
450 2315 531 2404 ὅπερ
556 2320 623 2384 ἔδει
648 2317 761 2397 δείξαι.

82 2555 117 2604 20
619 2539 641 2597 λ
656 2564 663 2578 ·

200 2633 288 2702 Ἐὰν
307 2634 428 2720 κύβος
446 2630 618 2723 ἀριθμὸς
636 2635 781 2704 ἑαυτὸν
800 2633 1155 2716 πολλαπλασιάσας

139 2745 230 2828 ποιῇ
254 2765 357 2825 τινα,
382 2738 400 2808 6
424 2740 642 2827 νενίμενος
664 2742 784 2828 κύβος
803 2747 921 2809 ἔσται.

204 2846 321 2930 Κύβος
347 2854 413 2933 γὰρ
442 2846 588 2935 ἀριθμὸς
616 2846 685 2915 6A
713 2847 834 2915 ἑαυτὸν
856 2847 1156 2928 πολλαπλασιάσας

136 2950 197 3020 τὸν
220 2959 248 3017 Β
272 2958 420 3020 ποιείτω·
454 2955 550 3041 λέγω,
575 2953 625 3021 ὅτι
649 2952 666 3021 6
690 2961 719 3020 Β
741 2953 844 3039 κύβος
867 2955 965 3022 ἐστίν.

83 3085 117 3135 25
203 3057 371 3145 Εἰλήφθω
394 3059 459 3149 γὰρ
484 3065 544 3129 τού
567 3068 600 3126 Α
622 3058 750 3148 πλευρὰ
775 3057 846 3145 ὁΓ,
865 3059 921 3127 καὶ
944 3057 1011 3128 ὁΓ
1028 3060 1155 3131 ἑαυτὸν

137 3165 431 3246 πολλαπλασιάσας
458 3166 518 3234 τὸν
546 3173 579 3232 A
605 3171 748 3235 ποιείτω.
797 3163 947 3253 φανερὸν
977 3165 1019 3253 δή
1048 3169 1155 3255 ἐστιν,

209 3331 233 3378 3.
254 3323 308 3379 είσι
326 3326 389 3395 λίψ.
461 3333 486 3382 4.
505 3322 641 3397 ἀριθμοί]
661 3344 715 3381 om.
735 3326 825 3395 Bvqo.
888 3331 912 3380 5.
933 3321 1057 3380 ἔστωσαν
1073 3359 1106 3368 -
1123 3336 1155 3384 6:

137 3396 271 3464 ποιείτω]
290 3393 343 3451 δύο
362 3395 417 3466 γὰρ
435 3393 553 3466 ἀριθμοὶ
572 3394 602 3451 οἰ
618 3403 653 3465 A,
673 3403 695 3451 B
714 3393 1010 3460 πολλαπλασιάσαντες
1024 3399 1071 3467 (m.
1087 3405 1103 3454 2
1120 3401 1155 3470 Β)

138 3460 274 3532 ἀλλήλους
293 3466 469 3536 τετράγωνον
488 3465 538 3522 τὸν
563 3471 589 3521 Γ
609 3471 780 3523 ποιείτωσαν
803 3468 903 3524 Theon
921 3469 1033 3538 (Βλίφ).
1127 3477 1154 3527 9.

140 3531 271 3604 tantvm.
322 3538 360 3609 A]
376 3555 461 3607 supra
475 3557 511 3592 m.
528 3538 586 3595 lV.
639 3537 821 3611 μίν]οπι.φ.
878 3545 919 3594 10.
934 3541 1073 3609 πεποίηκε
1088 3541 1154 3612 ch.
