2446 3938
146 185 211 252 338
454 254 458 261 ,
515 187 717 240 mommsen
735 181 774 254 η’.

208 325 298 396 Ἐπεὶ
321 326 385 416 γὰρ
410 331 445 396 οἱ
466 337 512 413 A,
531 335 560 394 Β
584 326 695 414 ὅμοιοι
719 329 872 396 ἐπίπεδοί
892 331 996 412 εἰσιν,
1024 331 1094 396 τῶν
1120 337 1165 415 A,

144 443 173 501 Β
206 432 271 522 ἅμα
304 427 351 513 εἷς
383 437 483 521 μέσος
510 431 679 519 ἀνάλογον
715 435 865 520 ἐμπίπτει
897 431 1055 522 ἀριθμός.
1107 436 1164 521 ἐμ-

144 541 285 608 πιπτέτω
322 541 379 608 καὶ
411 546 494 608 ἔστω
527 537 546 608 ὁ
573 546 616 624 Γ,
648 539 704 606 καὶ
742 539 962 626 εἰλήφθωσαν
994 537 1164 628 ἐλάχιστοι

144 644 286 736 ἀριθμοὶ
307 650 375 715 τῶν
398 645 458 715 τὸν
481 643 586 715 αὐτὸν
610 644 714 731 λόγον
738 644 885 732 ἐχόντων
906 659 977 725 τοῖς
999 656 1048 733 A,
1067 653 1112 734 Γ,
1132 655 1162 714 Β

109 754 181 822 σοί
202 761 250 840 A,
270 759 313 839 E,
338 760 377 819 Ζ·
408 753 444 819 οἱ
464 750 529 839 ἄρα
553 749 650 838 ἄκροι
673 749 786 819 αὐτῶν
811 753 847 819 οἱ
875 759 971 837 Λ,Ζ
998 753 1164 840 τετράγω-

143 864 203 928 νοί
223 862 320 927 εἰσιν.
357 859 413 926 καὶ
437 860 510 926 ἐπεί
530 861 620 926 ἐστιν
646 854 691 937 ὡς
714 855 732 925 ὁ
757 866 791 924 Δ
812 856 895 945 πρὸς
912 856 972 926 τὸν
994 866 1032 944 Ζ,
1053 857 1164 940 οὕτως

143 963 162 1034 ὁ
195 975 228 1033 Α
255 964 338 1053 πρὸς
365 965 425 1033 τὸν
453 972 496 1050 Β,
523 970 583 1031 καί
607 969 693 1032 εἰσιν
723 966 758 1032 ολ
780 973 823 1050 Δ,
843 972 870 1030 Ζ
893 964 1118 1053 τετράγωνοι,
1144 963 1160 1034 ‹‘

143 1081 176 1138 A
198 1069 264 1159 ἄρα
286 1070 371 1159 πρὸς
392 1070 453 1140 τὸν
476 1079 505 1139 Β
528 1071 632 1158 λόγον
652 1077 734 1159 ἔχει,
763 1067 804 1139 ὃν
827 1071 1037 1160 τετράγωνος
1060 1070 1163 1159 ἀριθ-

144 1175 207 1264 μὸς
228 1175 313 1264 πρὸς
335 1177 546 1265 τετράγωνον
569 1176 732 1266 ἀριθμόν·
756 1175 836 1265 ὅπερ
861 1183 929 1246 ἔδει
954 1179 1069 1259 δεῖξαι.
1174 1212 1177 1217 ·

91 1357 124 1406 10
619 1336 678 1418 κζ’.

211 1463 260 1526 oc
285 1459 421 1547 ὅμοιοι
450 1459 604 1545 στερεοὶ
632 1457 801 1547 ἀριθμοὶ
831 1460 929 1548 πρὸς
959 1458 1165 1546 ἀλλήλους

141 1567 263 1650 λόγον
286 1571 466 1652 ἔχουσιν,
489 1561 535 1633 ὃν
557 1563 680 1650 κύβος
708 1563 880 1652 ἀριθμὸς
907 1565 1005 1656 πρὸς
1034 1566 1164 1654 κύβον

141 1669 331 1758 ἀριθμόν.

198 1773 416 1845 ΗΕστωσαν
397 1803 508 1864 ομοιοι
532 1778 660 1865 στερεοὶ
682 1775 825 1865 ἀριθμοὶ
857 1781 893 1845 ολ
912 1740 961 1864 A,
986 1785 1028 1844 Β
1060 1778 1163 1865 λέγω,

90 1909 123 1959 15
143 1879 195 1951 ὅτι
222 1881 241 1949 ὁ
269 1888 302 1948 A
329 1881 413 1970 πρὸς
438 1881 499 1951 τὸν
521 1890 550 1951 Β
573 1882 677 1968 λόγον
704 1880 831 1971 ἔχει,“
813 1911 853 1951 ον
877 1883 982 1970 κύβος
1009 1881 1163 1973 ἀριθμὸς

140 1986 224 2077 πρὸς
246 1987 354 2074 κύβον
378 1987 538 2076 ἀριθμόν.

205 2092 294 2163 Ἐπεὶ
321 2090 386 2181 γὰρ
414 2095 450 2161 ολ
469 2103 516 2178 A,
535 2102 564 2162 Β
593 2092 704 2180 ὅμοιοι
729 2101 861 2183 στερεοί
887 2100 989 2180 εἰσιν,
1019 2100 1089 2164 τῶν
1115 2107 1161 2183 A,

139 2209 168 2268 Β
192 2200 257 2288 ἄρα
281 2198 344 2268 δύο
368 2200 463 2285 μέσοι
486 2197 655 2286 ἀνάλογον
676 2202 894 2288 ἐμπίπτουσιν
915 2199 1067 2290 ἀριθμοί.
1101 2205 1161 2289 ἐμ

139 2308 347 2374 πιπτέτωσαν
371 2307 407 2372 οἱ
428 2311 465 2389 Γ,
485 2314 528 2391 Δ,
551 2307 607 2373 καὶ
627 2306 847 2394 εἰλήφθωσαν
870 2308 1036 2396 ἐλάχιστοι
1057 2305 1160 2394 ἀριθ-

88 2441 122 2490 20
141 2415 199 2500 μοὶ
225 2417 293 2480 τῶν
320 2409 380 2479 τὸν
408 2407 513 2479 αύτὸν
541 2411 644 2498 λόγον
668 2412 814 2500 ἐχόντων
836 2427 907 2493 τοῖς
928 2423 976 2500 A,
996 2419 1038 2498 Γ,
1059 2423 1108 2500 Λ,
1130 2423 1162 2483 Β

139 2529 208 2588 ἶσοι
230 2516 346 2597 αὐτοῖς
367 2514 406 2584 τὸ
429 2520 559 2603 πλῆθος
583 2521 619 2586 οἰ
639 2526 684 2604 E,
704 2526 746 2604 Z,
764 2526 815 2603 H,
834 2526 876 2586 Θ·
911 2523 947 2587 οἱ
967 2519 1033 2607 ἅμα
1056 2519 1160 2608 ἄκροι

138 2623 253 2694 αὐτῶν
277 2626 313 2692 οἱ
333 2630 425 2710 Β,Θ
447 2621 547 2710 κύβοι
570 2628 664 2692 εἰσίν.
710 2629 770 2691 καί
790 2628 880 2693 ἐστιν
904 2623 951 2705 ὡς
976 2623 993 2694 ὁ
1018 2633 1051 2693 Ε
1071 2625 1160 2714 πρὸς

137 2731 198 2799 τὸν
222 2739 265 2816 Θ,
293 2729 400 2810 οὕτως
428 2728 446 2799 ὁ
471 2739 503 2798 A
530 2730 615 2818 πρὸς
641 2729 701 2798 τὸν
725 2739 766 2798 Β·
795 2731 851 2798 καὶ
880 2729 897 2800 ὁ
923 2729 1046 2819 Λύρα
1069 2732 1159 2819 πρὸς

137 2835 198 2903 τὸν
217 2843 246 2902 Β
265 2838 368 2920 λόγον
388 2841 466 2922 ἔχει,
485 2832 525 2904 ὃν
543 2835 647 2922 κύβος
666 2833 811 2923 ἀριθμὸς
832 2835 917 2923 πρὸς
935 2835 1042 2921 κύβον
1057 2833 1159 2923 ἀριθ-

83 2969 118 3018 25
137 2940 216 3028 μόν·
241 2939 322 3028 ὅπερ
347 2945 415 3008 ἔδει
438 2944 552 3022 δεῖξαι.

210 3116 389 3188 1.εἰσι]Ῑφ.
480 3124 505 3172 4.
524 3118 594 3190 τοῖς]
620 3136 687 3174 corr.
713 3137 747 3174 ex
770 3138 813 3174 τοι
836 3139 872 3174 m
897 3119 964 3175 21³
1057 3123 1096 3189 Γ,
1114 3123 1157 3194 Β]

137 3195 172 3258 Β,
192 3127 265 3246 PlP.
358 3197 382 3246 6.
403 3187 536 3259 εἰσιλῙφ.
629 3196 671 3244 11.
691 3188 735 3261 οἱ]
756 3207 810 3247 om.
829 3189 859 3244 P.
953 3197 995 3246 17.
1016 3163 1158 3261 slcc’Vq).

138 3267 179 3316 18.
200 3259 292 3331 μέσοι]
312 3280 352 3314 -οι
375 3277 390 3314 ο
414 3277 484 3315 corr.
507 3279 544 3318 m.
565 3261 630 3314 1Ρ.
704 3268 745 3318 19.
765 3255 783 3315 ἆ
786 3266 837 3349 μθ
837 3261 902 3352 μοί]
928 3278 983 3316 om
1004 3262 1035 3317 B.
1110 3269 1158 3319 20.

137 3332 177 3401 Β]
199 3335 268 3399 Ζφ.
360 3337 403 3385 22.
428 3330 486 3386 εἰσί
500 3331 564 3401 V.
655 3339 697 3386 23.
718 3283 802 3387 καὶς
789 3353 805 3387 ο
825 3339 847 3387 A
871 3329 928 3401 ἄρα
953 3328 1036 3421 πρὸς
1042 3328 1094 3387 τὸν
1114 3335 1158 3406 Β]

136 3417 193 3470 mg.
214 3421 244 3469 φ.
336 3408 379 3457 25.
404 3398 474 3473 ὅπερ
504 3353 564 3458 ἔδει
587 3403 697 3474 δειἜαι]
723 3420 776 3459 om
795 3404 825 3457 B.
863 3405 895 3457 In
912 3404 968 3458 fine
994 3398 1159 3462 Εύκλείδου

137 3468 329 3540 στοιχείωνη’
348 3473 379 3527 Ρ.

525 3585 764 3594 κ*-

74 3642 170 3696 h
