2446 3938
135 185 201 250 392
507 186 709 239 mommsen
726 182 771 239 ν’.

613 360 677 447 νβ’.

199 485 288 554 Ἐὰν
325 487 508 573 περισσοὶ
545 484 715 573 ἀριθμοὶ
757 482 981 555 ὁποσοιοῦν
1019 508 1169 558 συντε-

134 596 279 677 θῦσιυ,
307 593 350 660 τὸ
380 592 421 660 ὁὸ
448 596 605 678 πλῆθος
628 588 761 659 αὐτῶν
784 589 923 679 ἄρτιον
950 585 991 682 ᾖ,
1021 590 1042 662 ὁ
1071 593 1164 674 ὅλος

135 697 273 786 άρτιος
295 704 414 767 ἔσται.

100 817 116 866 5
202 812 469 890 Συγκείσθωσαν
488 804 553 892 γὰρ
572 806 725 892 περισσοὶ
744 801 885 892 ἀριθμοὶ
904 800 1161 894 ὁσοιδηποτοῦν

136 908 245 996 ἄρτιοι
273 909 310 978 τὸ
339 915 470 996 πλῆθος
502 913 538 979 oc
559 918 640 997 AB,
664 916 742 998 ΒΓ,
770 915 847 996 ΓΔ,
868 918 949 978 ΔΕ·
974 913 1086 1000 λέγω,
1109 910 1159 981 ὅτι

136 1016 214 1096 ὅλος
237 1013 255 1084 ὁ
280 1024 349 1083 ΛΕ
370 1015 485 1104 άρτιός
508 1019 607 1085 ἐστιν.

200 1121 288 1190 Ἐπεὶ
316 1121 380 1210 γὰρ
404 1125 541 1203 ἕκαστος
567 1127 635 1190 τῦυ
659 1129 739 1208 ΑΒ,
758 1129 835 1206 ΒΓ,
854 1128 932 1209 ΓΔ,
952 1131 1026 1192 ΔΕ
1047 1150 1159 1213 περιτ-

134 1229 191 1310 τός
219 1232 325 1314 ἐστιν,
357 1228 599 1318 ἀφαιρεθείσης
629 1228 778 1316 μονάδος
805 1225 865 1315 ἀφ’
904 1227 1052 1299 ἑκάστου
1082 1232 1159 1297 ἕκα-

84 1347 116 1395 10
136 1355 212 1416 στος
238 1340 306 1405 τιῦυ
329 1339 456 1404 λοιπῶν
479 1334 599 1423 ἄρτιος
617 1340 719 1402 ἔσται·
749 1333 911 1403 ὥστεκαὶ
935 1332 953 1402 ὁ
983 1341 1159 1424 συγκείμε-

135 1469 194 1522 νος
222 1444 255 1522 ἐξ
284 1440 396 1509 αὐτῶν
424 1439 537 1528 άρτιος
565 1445 665 1510 ἔσται.
712 1445 781 1509 ἔστι
812 1440 850 1509 ὁὸ
872 1440 928 1508 καί
955 1439 994 1509 τὸ
1024 1446 1160 1530 πλῆθος

134 1551 203 1615 τοῖν
232 1545 393 1632 μονάδων
421 1545 547 1633 ἄρτιον.
593 1546 649 1613 καὶ
684 1543 762 1626 ὅλος
793 1545 860 1635 άρα
889 1543 906 1614 ὁ
940 1555 1011 1615 ΑΕ
1035 1545 1160 1637 ἄρτιός

136 1653 240 1719 ἐστιν·
265 1649 345 1738 ὅπερ
370 1656 438 1720 ἔὸει
463 1653 575 1732 δεῖξαι.

607 1856 671 1916 κγ.

83 1975 116 2023 15
200 1949 288 2021 Ἐὰν
325 1955 507 2042 περισσοὶ
549 1951 719 2042 ἀριθμοὶ
756 1951 979 2022 ὁποσοιοῦν
1015 1973 1159 2024 συντε-

134 2064 279 2146 θιῦσιν,
311 2059 352 2128 τὸ
386 2060 429 2128 ὁὸ
456 2065 607 2147 πλῆθος
635 2057 765 2129 αὐτῶν
792 2059 983 2148 περισσὸν
1016 2052 1055 2148 ᾖ,
1091 2065 1160 2132 καὶ

136 2164 154 2234 ὁ
179 2165 270 2248 ὅλος
292 2167 480 2252 περισσὸς
503 2172 621 2237 ἔσται.

203 2279 471 2360 Συγκείσθωσαν
503 2273 568 2360 γάρ
603 2269 787 2342 ὁποσοιοῦν
814 2273 966 2361 περισσοὶ
996 2270 1158 2363 άριθμοί,

136 2373 184 2447 ιὸν
203 2379 240 2448 τὸ
260 2384 391 2466 πλῆθος
409 2378 570 2469 περισσὸν
594 2385 688 2464 ἔστω,
713 2383 748 2447 σί
769 2386 845 2465 ΑΒ,
864 2384 935 2464 ΒΓ,
955 2384 1031 2446 ΓΔ·
1056 2383 1160 2468 λέγω,

83 2505 117 2555 20
137 2485 188 2555 ὅτι
211 2487 267 2554 καὶ
292 2485 370 2566 ὅλος
393 2483 411 2554 ὁ
435 2495 506 2554 ΑΛ
528 2485 685 2573 περισσός
708 2487 807 2554 ἐστιν.

199 2591 405 2681 Ἀφῃρήσθω
440 2591 505 2660 άπὸ
539 2596 601 2660 τοῦ
633 2598 696 2660 ΓΛ
727 2590 833 2680 μονάς
865 2590 885 2679 ἡ
920 2599 1000 2659 ΔΕ·
1039 2592 1161 2674 λοιπὸς

135 2697 202 2785 ὅρα
230 2696 248 2766 ὁ
280 2703 345 2765 ΓΕ
371 2697 485 2786 ἄρτιός
513 2700 612 2766 ἐστιν.
658 2703 727 2766 ἔστι
755 2697 793 2766 ὁὸ
815 2699 871 2766 καὶ
894 2695 912 2767 ὁ
937 2703 1002 2765 ΓΑ
1026 2696 1159 2787 άρτιος·
1188 2768 1191 2774 ,

135 2805 191 2871 καὶ
216 2801 294 2882 ὅλος
317 2803 382 2890 άρα
406 2801 423 2871 ὁ
448 2811 516 2871 ΑΕ
537 2802 652 2892 ἄρτιός
677 2807 776 2873 ἐστιν.
820 2810 880 2872 καί
900 2806 968 2872 ἐστι
996 2803 1109 2890 μονάς
1137 2803 1159 2894 ἡ

136 2916 214 2976 ΔΕ.
261 2906 417 2995 περισσὸς
440 2907 506 2996 ἄρα
530 2909 620 2977 ἐστὶν
645 2906 662 2977 ὁ
687 2918 771 2976 ΑΔ
796 2907 877 2997 ὅπερ
902 2912 969 2977 ἔδει
993 2911 1113 2991 δεῖξαι.

206 3094 231 3142 2
256 3086 414 3142 συντεθῶσι
436 3087 536 3175 FVq.
614 3090 648 3141 3.·
664 3082 695 3158 ὁ]
720 3104 773 3142 om.
796 3086 884 3176 PVq
973 3092 998 3143 4.
1022 3083 1160 3145 ἐστινΡ.
1209 3134 1214 3141 .

135 3163 160 3215 5.
180 3155 250 3231 γάρ]
271 3177 307 3214 m
327 3159 393 3212 Η
473 3164 496 3212 6.
516 3152 621 3229 άρτιοι]
642 3175 695 3213 om.
714 3159 744 3212 F.
823 3165 848 3213 8
869 3153 1056 3243 ἕκάτερσςΡ,
1083 3175 1159 3216 corr.

135 3248 171 3282 m.
192 3236 217 3284 2.
310 3236 351 3283 11.
372 3226 446 3297 ἔστι]
468 3226 585 3283 ἕστωΡ.
678 3236 719 3284 13.
739 3230 816 3283 Inter
835 3225 911 3283 ἐστιν
930 3223 994 3283 et*
978 3247 1048 3297 οπερ
1067 3229 1161 3286 aliam

135 3300 285 3355 demonstr.
310 3300 454 3366 habetF3
479 3319 505 3355 u.
530 3317 594 3370 app.
688 3307 727 3355 15.
748 3295 919 3372 ὁποσοιοῦν]
944 3317 998 3355 om.
1017 3299 1053 3356 V
1091 3318 1161 3356 συν-

134 3371 240 3424 τεθωσι
254 3370 315 3458 Vq
391 3377 432 3426 17
448 3341 485 3442 ὁ]
507 3389 560 3426 om.
586 3369 732 3441 PBFVq3
757 3389 827 3428 corr.
846 3370 966 3441 August.
1041 3376 1083 3426 18
1106 3392 1161 3428 πε-

135 3440 225 3507 ρισσολ
242 3438 364 3528 άριθμολ
383 3437 589 3498 ὁποσοιοῦνῑί.
652 3448 693 3499 13.
713 3440 756 3514 σί]
778 3438 842 3497 6F.
902 3449 945 3498 22.
967 3437 1059 3513 ἐστιν]
1080 3437 1162 3498 ἔστιν

17 3570 26 3599 Ι
79 3518 83 3525 ’
134 3508 166 3564 ὁὸ
196 3511 252 3564 τῶν
278 3509 333 3581 πρὸ
358 3507 447 3567 αὐτοῦ
471 3512 501 3566 F.
594 3513 661 3584 ΓΑ]
686 3518 741 3568 ΑΓ
760 3512 847 3582 BVq.
937 3519 981 3569 23.
1006 3507 1098 3585 ἔστιν]
1127 3514 1161 3586 P,
