2446 3938
148 193 212 259 10ss
523 190 725 244 ΣΤοιΧΕιου
744 187 784 243 ς’.

204 333 312 402 Ἔστω
345 331 367 420 ἡ
400 333 461 422 μέν
493 337 636 402 δοθεῖσα
661 332 780 402 εὐθεῖα
809 332 954 420 ἄτμητος
980 330 1002 420 ἡ
1026 341 1111 421 ΑΒ,
1140 331 1163 420 ἡ

148 441 186 508 δέ
220 441 403 526 τετμημένη
440 437 461 526 ἡ
499 446 568 508 ΑΓ
600 437 683 508 κατὰ
719 438 760 506 τὰ
798 447 846 526 A,
871 446 903 506 E
933 452 1069 527 σημεῖα,
1105 440 1164 508 καὶ
1217 500 1222 507 .

148 550 339 614 κείσθωσαν
371 547 455 615 ὥστε
501 551 630 632 γωνίαν
673 550 842 634 τυχοῦσαν
882 548 1063 637 περιέχειν,
1104 546 1163 614 καὶ

132 650 380 740 έπεζεύχθω’
362 680 383 739 η
413 658 488 739 ΓΒ,
518 653 573 719 καὶ
603 651 659 720 διὰ
686 656 754 720 τῶν
778 661 827 739 A,
842 660 874 720 Ε
888 679 929 742 τη
914 656 1016 720 ΒΓ
1033 651 1162 738 παραλ-

111 767 241 846 σληῖοι
269 757 431 846 ἤχθωσαν
459 761 497 825 αί
525 765 606 844 ΛΖ,
622 765 705 844 ΕΗ,
734 756 791 854 διδι
817 703 856 827 δέ
882 763 945 827 τοῦ
973 767 1007 826 A
1029 762 1069 849 τῇ
1094 766 1160 827 ΑΒ

146 864 356 956 παραλληλος
377 861 517 952 ἤχθω’
500 891 520 950 η
546 870 658 931 ΔΘΚ.

211 968 621 1060 Παραλληλόγραμμον”
600 997 667 1059 αρα
695 970 831 1038 ἐστὶν
814 969 972 1061 ειιιίτερον
994 974 1063 1040 τῶν
1087 979 1161 1058 ΖΘ,

147 1085 221 1146 ΘΒ·
252 1086 306 1162 ίση
336 1077 402 1165 ἄρα
432 1073 452 1163 ἡ
478 1076 540 1163 μὲν
564 1083 630 1143 ΛΘ
652 1079 692 1165 τῇ
716 1083 798 1163 ΖΗ,
822 1074 843 1164 ἡ
867 1076 905 1145 δὲ
928 1085 994 1146 ΘΚ
1017 1081 1057 1167 τῇ
1081 1085 1161 1147 ΗΒ.

144 1185 200 1252 καὶ
231 1183 301 1252 ἐπεὶ
332 1181 500 1271 τριγώνου
521 1182 589 1273 ζτοῦ
618 1188 726 1250 ΔΚΓ
749 1181 839 1272 τιαρδι
868 1189 950 1270 μίαν
971 1187 1040 1252 τῶν
1062 1192 1163 1252 τελευ-

97 1302 129 1351 10
149 1296 219 1380 ρῶν
252 1291 314 1379 τὴν
346 1296 416 1358 ΚΓ
443 1288 561 1358 εὐθεῖα
592 1281 689 1375 ἦκται
721 1287 742 1376 ἡ
776 1297 853 1375 ΘΒ,
890 1288 1060 1376 ἀνάλογον
1093 1289 1162 1420 ἄρα

145 1394 290 1501 ἐστὶν
268 1423 314 1476 ως
344 1423 365 1482 η
395 1401 460 1462 ΓΒ
484 1395 569 1525 πρὸς
597 1421 659 1481 την
687 1402 770 1482 EA,
800 1396 906 1476 οὕτως
933 1393 954 1482 ἡ
983 1403 1049 1464 ΚΘ
1076 1395 1163 1485 πρὸς

144 1494 207 1588 την
239 1509 314 1569 ΘΛ.
361 1508 416 1587 ίση
450 1499 532 1568 δέ’
515 1528 536 1587 η
564 1501 626 1587 μὲν
655 1508 721 1568 ΚΘ
748 1527 787 1590 τη
811 1499 941 1588 ΒΗ,“
924 1529 961 1588 η
954 1502 1007 1570 δὲ
1029 1509 1096 1606 EA
1079 1506 1162 1610 τῇ

146 1615 223 1676 ΗΖ.
271 1605 411 1674 έστιν”
388 1634 455 1695 αρα
478 1604 523 1686 ὡς
550 1605 570 1692 ἡ
601 1612 665 1674 ΓΕ
686 1606 777 1696 πρὸς
804 1633 866 1694 την
890 1614 975 1694 EA,
1008 1608 1115 1688 οὕτως
1139 1636 1161 1696 η

52 1702 55 1707 ’
147 1720 220 1780 ΒΗ
238 1710 320 1800 πρὸς
342 1711 405 1797 τὴν
428 1719 503 1780 ΗΖ.
545 1711 658 1798 πάλιν,
683 1714 752 1781 έτιεὶ
770 1712 940 1802 τριγοίνου
962 1717 1024 1782 τοῦ
1051 1721 1164 1783 ΑΗΕ

98 1829 129 1879 15
148 1818 237 1906 παρὰ
261 1823 342 1906 μίαν
364 1821 431 1885 τῶν
455 1821 609 1907 πλευρῶν
633 1845 695 1906 την
718 1811 831 1887 HE
809 1846 907 1907 ηκται
929 1848 951 1908 η
975 1817 1095 1906 ΖΛ,’
1077 1819 1162 1888 ανά-

145 1933 248 2011 λογον
276 1923 343 2013 ἄρα
371 1924 461 1992 ἐστίν
489 1922 533 2005 ὡς
560 1923 581 2012 ἡ
605 1933 674 1993 EA
696 1926 779 2014 πρὸς
807 1925 869 2014 τὴν
894 1934 979 2012 ΔΑ,
1008 1925 1161 2015 οὕτωςὴ

146 2039 214 2100 ΗΖ
242 2028 325 2121 πρὸς
353 2028 414 2118 τὴν
439 2039 510 2098 ΖΑ.
558 2034 693 2119 ἐδείχθη
717 2032 761 2103 ,δὲ
788 2033 844 2100 καὶ
873 2030 919 2113 ὥς
946 2028 966 2120 ἡ
990 2038 1056 2101 ΓΕ
1076 2032 1163 2120 πρὸς

146 2137 208 2225 τὴν
232 2146 316 2227 EA,
341 2139 448 2218 οὕτως
471 2135 491 2224 ἡ
516 2145 590 2205 ΒΗ
607 2137 690 2226 πρὸς
712 2137 775 2224 τὴν
798 2145 879 2226 ΗΖ·
909 2143 1000 2206 ἔστιν
1023 2137 1089 2227 ἄρα
1113 2137 1162 2221 ὥς

147 2245 208 2332 μὲν
235 2244 256 2331 ἡ
285 2253 351 2314 ΓΕ
376 2244 458 2333 πρὸς
490 2244 552 2331 τὴν
581 2252 664 2330 EA,
698 2242 854 2332 οὕτωςὴ
883 2252 957 2313 ΒΗ
980 2244 1064 2334 πρὸς
1095 2243 1160 2333 τὴν

96 2361 130 2409 20
147 2358 225 2437 ΗΖ,
250 2350 295 2431 ὡς
318 2353 355 2419 δὲ
378 2349 399 2437 ἡ
423 2359 492 2419 EA
514 2348 598 2436 πρὸς
620 2348 682 2437 τὴν
706 2359 786 2438 AA,
811 2349 917 2432 οὕτως
939 2349 956 2419 δ
983 2358 1051 2419 ΗΖ
1073 2350 1161 2438 πρὸς

145 2457 208 2544 τὴν
233 2465 305 2526 ΖΑ.

205 2561 251 2630 Ἡ
279 2559 345 2646 ἄρα
378 2565 519 2629 δοθεῖσα
543 2561 671 2630 ἐὐθεῖα
699 2562 842 2650 ἄτμητος
878 2561 899 2650 ἡ
928 2571 995 2633 ΑΒ
1026 2568 1081 2647 τῇ·
1101 2567 1160 2632 δο-

145 2675 245 2756 θείση
283 2665 402 2755 εὐθείᾳ
438 2668 633 2756 τετμημένη,
659 2672 698 2756 τῇ
732 2674 801 2736 ΑΓ
826 2667 950 2756 ὁμοίως
989 2669 1160 2756 τέτμηται·

148 2772 229 2857 ὅπερ
254 2776 321 2840 ἔδει
344 2775 493 2858 ποιῆσαι·

95 2983 129 3033 26
623 2967 679 3036 ια’.

35 3076 40 3087 ’
212 3091 296 3159 Δύο
335 3097 533 3161 δοθεισῶν
571 3089 743 3162 εὐθειῶν
780 3098 918 3182 τρίτην
955 3092 1161 3180 ἀνάλογον

148 3211 395 3287 προσευρεῖν.

217 3381 242 3430 2.
261 3376 330 3430 Post
346 3379 403 3443 ΑΓ
418 3376 481 3430 add.
501 3376 539 3431 V.
560 3378 609 3431 δεῖ
622 3373 658 3446 δὴ
673 3373 823 3447 τὴνΑΒ”
793 3397 928 3466 ατμητον
942 3399 975 3451 τη
992 3384 1014 3433 Α
1022 3383 1174 3450 Γτετμη

146 3443 217 3517 μένη
241 3441 344 3517 ὁμοίως
366 3452 470 3515 τεμεῖν.
512 3442 581 3502 ἔστω
605 3445 800 3520 τετμημένη
786 3470 804 3518 η
824 3452 883 3504 ΑΓ
975 3455 1000 3504 4.
1022 3451 1086 3522 ΓΒ]
1107 3455 1166 3505 ΒΓ

146 3517 205 3587 Bp,
224 3517 372 3572 Vecorr.
391 3522 472 3573 νεῖ.
546 3517 761 3592 ῖ,δέ]οιυ..ρ
834 3525 858 3576 8
881 3521 1068 3593 HB]MBF
1087 3538 1162 3579 corr.
