2446 3938
150 189 217 254 212
538 189 740 241 2T01XE12N
759 183 794 252 ς’.

148 337 209 400 καί
235 333 326 399 ἐστιν
354 339 430 398 ἴσου
459 327 497 398 τὸ
525 333 657 415 πλῆθος
685 333 754 396 τῶν
777 335 860 414 ΒΗ,
879 333 952 395 ΗΓ
970 330 1016 419 τῷ
1045 326 1174 413 πλήθει

75 512 79 520 ,
149 441 218 505 τῶν
251 445 329 524 ΕΘ,
353 445 429 524 ΘΖ,
463 434 482 504 6
515 435 583 522 ἄρα
615 436 716 522 μέρος
747 436 838 504 έστὶυ
870 432 889 503 6
918 441 993 502 BH
1018 437 1079 501 τοί
1109 441 1176 502 ΕΘ

149 538 172 628 6
200 541 298 631 μέρη,
330 540 368 610 τὸ
396 540 479 610 αὐτὸ
513 541 613 629 μέρος
640 541 710 608 ἐστὶ
741 541 798 607 καὶ
827 537 844 609 6
874 545 947 607 ΗΓ
970 544 1032 607 τοῦ
1061 547 1123 607 ΘΖ
1152 535 1175 626 6

149 646 190 715 τὰ
223 646 309 716 αὐτὰ
341 647 437 737 μέρη·
471 645 555 715 ὥστε
587 647 642 713 καὶ
671 645 689 715 6
720 646 821 734 μέρος
848 645 939 714 ἐστὶν
968 642 986 714 6
1014 652 1089 713 ΒΗ
1111 649 1175 714 τοῦ
1207 704 1212 714 .

116 761 214 822 δΕΘ
241 750 262 842 6
291 756 391 842 μέρη,
420 754 458 823 τὸ
488 750 570 821 αὐτὸ
604 755 705 841 μέρος
732 753 802 822 ἐστὶ
833 753 890 820 καὶ
918 752 1176 840 συναμφότερος

151 857 170 928 6
198 865 264 928 ΒΓ
289 861 547 946 συναμφοτέρου
573 863 636 926 τοῦ
659 867 723 926 ΕΖ
745 855 766 946 6
785 857 826 926 τοὶ
852 856 938 927 αὐτὰ
961 860 1054 947 μέρη.
1101 867 1176 941 ἴσος

151 965 190 1033 δέ
218 962 236 1032 6
266 964 329 1051 μὲν
352 972 421 1032 ΒΗ
442 969 489 1057 τῷ
512 974 560 1051 A,
589 962 607 1032 6
637 965 674 1033 δέ
698 973 761 1033 ΕΘ
784 969 830 1056 τῷ
855 973 902 1032 Δ·
931 962 950 1033 ὃ
979 963 1046 1052 ἄρα
1074 967 1177 1053 μέρος

151 1071 243 1140 ἐστὶν
272 1068 290 1138 6
319 1080 352 1138 A
378 1075 439 1139 τοί
469 1080 503 1138 Δ
530 1067 551 1158 6
584 1073 682 1160 μέρη,
714 1070 753 1140 τὸ
781 1069 864 1140 αὐτὸ
894 1072 994 1158 μέρος
1021 1073 1091 1140 ἐστὶ
1119 1073 1176 1141 καὶ

152 1174 170 1245 6
194 1184 262 1246 ΒΓ
280 1182 343 1246 τοῦ
367 1185 431 1245 ΕΖ
453 1174 475 1264 6
499 1177 540 1246 τὰ
565 1174 651 1246 αὐτὰ
676 1180 774 1265 μέρη·
798 1176 879 1264 ὅπερ
903 1182 972 1246 ἔδει
996 1181 1111 1260 δεῖξαι.

100 1394 160 1443 10.
644 1373 681 1441 ι’.

217 1494 305 1564 Ἐἀυ
338 1494 511 1583 ἀριθμὸς
538 1495 717 1583 ἀριθμοῦ
749 1498 845 1583 μέρη
878 1490 915 1586 6,
948 1497 1013 1564 καὶ
1041 1498 1176 1586 ἕτερος

153 1601 289 1686 ἑτέρου
315 1600 361 1669 τὰ
392 1601 490 1670 αὐτὰ
524 1603 619 1689 μέρη
647 1594 685 1691 6,
719 1605 785 1670 καὶ
813 1601 998 1689 ἐναλλάξ,
1026 1598 1048 1669 ἃ
1077 1605 1175 1691 μέρη

153 1706 262 1774 έστὶυ
290 1704 309 1775 6
338 1718 491 1795 πρῶτος
518 1713 588 1777 τοῦ
616 1713 754 1796 τρίτου
780 1705 802 1794 6
836 1709 969 1796 μέρος,
1001 1707 1047 1778 τὰ
1076 1707 1178 1778 αὐτὰ

153 1813 250 1900 μέρη
279 1818 388 1882 ἔσται
414 1815 482 1882 καὶ
511 1811 529 1884 6
554 1813 742 1901 δεύτερος
764 1818 834 1883 τοῦ
864 1813 1056 1902 τετάρτου
1083 1812 1105 1902 6
1134 1843 1177 1886 το

102 1930 135 1980 15
155 1915 252 1986 αὐτὸ
276 1923 403 2006 μέρος.

217 2023 378 2115 Ἀριθμὸς
404 2026 469 2116 γὰρ
499 2024 517 2097 6
546 2035 612 2095 AB
641 2026 793 2116 ἀριθμοῦ
820 2032 881 2096 τοῦ
909 2035 942 2096 Γ
970 2029 1053 2118 μέρη
1082 2034 1180 2116 ἔστω,

153 2132 209 2200 καὶ
233 2134 344 2222 ἕτερος
366 2131 384 2202 6
409 2142 481 2202 ΔΕ
501 2134 617 2222 ἑτέρου
639 2138 702 2203 τοῦ
725 2143 753 2202 Ζ
775 2134 816 2203 τὰ
841 2131 926 2203 αὐτὰ
951 2136 1048 2225 μέρη·
1077 2138 1179 2226 λέγω,

155 2237 206 2307 ὅτι
229 2241 284 2307 καὶ
309 2240 465 2327 ἐναλλάξ,
489 2237 510 2307 ἃ
533 2242 616 2328 μέρη
642 2241 733 2309 ἐστὶν
758 2239 776 2309 6
799 2249 864 2309 AB
887 2245 950 2310 τοῦ
974 2250 1045 2310 ΔΕ
1071 2239 1092 2330 6
1122 2246 1180 2330 μέ-

154 2371 229 2432 ρος,
261 2344 302 2412 τὰ
320 2344 416 2414 -αὐτὰ
444 2347 527 2434 μέρη
557 2347 626 2415 ἐστὶ
653 2348 709 2415 καὶ
737 2344 755 2415 6
784 2359 814 2415 Γ
836 2352 898 2417 τοῦ
925 2357 953 2417 Ζ
981 2346 1003 2436 6
1032 2347 1070 2417 τὸ
1094 2347 1181 2420 αὐτὸ

102 2472 137 2521 20
156 2453 264 2540 μέρος.

220 2555 310 2625 Ἐπεὶ
337 2557 418 2646 γάρ,
447 2556 468 2626 ἃ
497 2561 587 2647 μέρη,
609 2560 701 2628 έστὶυ
730 2557 748 2628 ὁ
776 2567 841 2628 ΑΒ
869 2563 933 2628 τοῦ
959 2567 998 2648 Γ,
1026 2560 1067 2630 τὰ
1091 2561 1180 2632 αὐτοὶ

156 2665 240 2751 μέρη
273 2665 342 2732 ἐστὶ
369 2664 426 2731 καὶ
455 2660 473 2731 6
502 2672 573 2732 ΔΕ
597 2669 659 2734 τοῦ
687 2674 730 2752 Ζ,
759 2663 823 2734 ὅσα
850 2666 918 2756 ἄρα
945 2668 1038 2736 ἐστὶν
1066 2669 1103 2736 ἐν
1132 2674 1180 2763 τῷ

156 2777 223 2837 ΑΒ
251 2770 334 2854 μέρη
363 2772 425 2836 τοῦ
447 2775 486 2856 Γ,
515 2780 661 2838 τοσαῦτα
688 2772 745 2838 καὶ
773 2773 810 2840 έυ
837 2775 883 2863 τῷ
908 2781 980 2841 ΔΕ
1005 2774 1088 2861 μέρη
1116 2781 1181 2844 τοῦ

158 2881 194 2940 Ζ.
241 2871 417 2960 διῃρήσθω
442 2870 460 2940 6
483 2873 545 2960 μέν
567 2883 633 2943 ΑΒ
657 2880 704 2955 εἰς
726 2877 766 2943 τὰ
789 2880 851 2944 τοῦ
873 2883 907 2944 Γ
929 2880 1013 2968 μέρη
1032 2879 1073 2948 τὰ
1096 2890 1181 2968 ΑΗ,

103 2986 237 3066 251113,
262 2976 280 3046 6
297 2977 342 3068 δέ
366 2987 437 3048 ΔΕ
457 2983 505 3059 εἰς
526 2983 566 3047 τὰ
589 2986 650 3049 τοῦ
674 2990 701 3049 Ζ
724 2984 807 3071 μέρη
830 2982 872 3051 τὰ
890 2993 968 3072 ΔΘ,
987 2994 1062 3055 ΘΕ
1087 2993 1182 3058 ἔσται

230 3167 254 3214 2.
275 3159 353 3282 ΕΘΙρ
369 3173 439 3212 corr.
459 3173 493 3211 ex
512 3160 564 3212 EZ
582 3175 618 3213 m.
640 3167 654 3215 1
673 3159 704 3215 F.
793 3167 819 3215 4.
839 3155 926 3233 ὥστε]
952 3183 994 3219 -τε
1018 3165 1048 3218 in
1070 3182 1126 3222 ras.
1145 3167 1181 3224 V.

160 3227 311 3302 7.δέ]ὃή
355 3272 361 3285 .
455 3234 497 3283 12.
516 3220 551 3300 6]
570 3230 605 3296 P;
625 3249 678 3286 om.
698 3230 813 3302 BFVp.
907 3240 949 3290 13.
968 3232 1181 3308 Αοτοῆἱυρ

160 3302 215 3354 del.
238 3304 295 3355 καί.
388 3296 488 3372 μέρος]
514 3317 583 3355 corr.
607 3319 642 3357 ex
669 3300 740 3372 μέρη
762 3322 790 3374 p.
883 3311 925 3359 14.
946 3303 1025 3360 ἔσται
1047 3306 1119 3378 μέρη
1145 3310 1181 3366 V.

160 3372 225 3441 καί]
254 3390 290 3426 m.
314 3377 330 3425 2
355 3370 387 3424 F.
467 3377 522 3426 .16.
545 3373 613 3445 ΑΒ]
636 3373 710 3429 inter
733 3379 755 3428 A
779 3375 809 3429 et
827 3379 853 3428 Β
877 3377 950 3431 duae
973 3378 1030 3435 litt.
1056 3395 1126 3434 erae.
1145 3379 1181 3435 V.

161 3438 248 3513 ἔστω]
273 3463 308 3511 φ,
334 3440 431 3497 έσταιῖ
456 3441 487 3496 Β.
561 3449 603 3499 17,
628 3444 694 3500 Post
718 3443 788 3514 μέρη
814 3447 878 3502 add.
901 3446 984 3503 BFV
1015 3471 1022 3503 ε
1052 3447 1121 3504 ἔστω
1147 3449 1182 3506 δέ

161 3509 204 3579 (δέ
222 3531 258 3567 m.
279 3519 295 3567 2
314 3513 350 3581 1⁴¹3
375 3505 498 3566 έλοίττωυ
520 3512 553 3568 δὲ
578 3512 647 3569 ἔστω
664 3515 705 3584 “Β)
725 3511 741 3570 6
760 3520 810 3570 AB
828 3518 880 3572 τοῦ
900 3522 956 3573 ΔΕ
996 3515 1106 3576 λάσσωυ
1131 3523 1142 3592 (
1173 3563 1179 3575 .
