2446 3938
272 271 274 275 Α
371 191 646 242 ELEMENTORUM
663 193 772 244 LIBER
790 193 849 246 VH.
1054 191 1121 255 243

105 333 228 418 singuli
251 333 292 398 ad
315 333 461 418 singulos
485 333 582 417 primi
605 333 682 418 sint,
706 339 739 399 et
763 336 807 401 sit

353 441 864 523 Axn=mrxA=z

106 546 186 630 dieo,
210 545 308 610 etiam
332 549 370 630 E,
394 551 421 609 Ζ
444 546 531 610 inter
555 567 588 609 se
611 545 734 629 primos
758 567 836 611 esse.

171 1203 248 1245 nem
272 1182 426 1266 quoniam
446 1186 579 1268 uterque
594 1190 634 1268 A,
649 1187 677 1248 Β
692 1183 733 1248 ad
747 1186 779 1247 Γ
793 1183 917 1268 primus
937 1185 996 1266 est,
1020 1180 1120 1244 etiam

86 1333 89 1338 -
105 1291 138 1350 A
147 1291 228 1354 ><Β
244 1287 284 1350 ad
299 1289 332 1351 Γ
340 1289 464 1371 primus
480 1289 542 1354 erit
557 1286 659 1375 [prop.
669 1287 802 1370 XXIV].
827 1287 883 1353 sed
893 1294 925 1352 A
934 1302 978 1356 ><
989 1291 1017 1350 Β
1029 1315 1071 1338 =
1082 1289 1119 1350 E.

106 1415 204 1476 quere
232 1397 276 1478 E,
300 1397 331 1458 Γ
358 1396 446 1459 inter
480 1417 514 1459 se
543 1395 641 1479 primi
674 1399 758 1460 sunt.
805 1394 917 1459 eedem
950 1392 988 1457 de
1022 1414 1121 1458 cause

105 1500 204 1564 etiam
227 1505 266 1584 Ε,
289 1506 323 1564 A
345 1501 433 1566 inter
456 1523 490 1566 se
513 1501 610 1586 primi
634 1504 718 1566 sunt.
751 1501 861 1585 itaque
884 1503 1019 1585 uterque
1035 1501 1071 1581 Γ,
1087 1501 1119 1562 A

104 1605 145 1669 ad
168 1609 200 1668 E
220 1607 343 1688 primus
369 1611 427 1671 est.
464 1607 573 1691 itaque
598 1607 697 1671 etiam
721 1609 805 1674 Γ><
821 1611 855 1669 A
877 1607 918 1671 ad
942 1611 973 1670 Ε
994 1607 1119 1691 primus

105 1711 175 1774 erit.
221 1711 277 1774 sed
304 1715 388 1780 Γ><
404 1718 438 1775 A
457 1744 499 1766 =
519 1718 555 1778 Z.
600 1733 678 1796 ergo
707 1717 750 1796 E,
780 1715 807 1774 Z
838 1713 924 1778 inter
957 1735 990 1778 se
1023 1712 1120 1796 primi

106 1819 195 1900 sunt3
219 1816 306 1899 quod
328 1819 399 1879 eret
421 1817 717 1882 demonstrandum.
779 1807 782 1813 ’

541 2008 679 2075 XXVII.
751 2011 759 2020 “

173 2132 207 2199 Si
231 2133 293 2198 duo
316 2134 441 2198 numeri
464 2134 549 2199 inter
572 2155 607 2199 se
629 2135 728 2217 primi
752 2136 842 2218 sunt,
872 2137 905 2198 et
927 2137 1061 2217 uterque
1086 2157 1120 2199 se

106 2242 175 2325 ipse
205 2239 425 2324 multiplicans
457 2263 628 2306 numerum
652 2240 791 2324 aliquem
815 2240 969 2324 effecerit,
994 2241 1121 2306 numeri

105 2369 144 2411 ex
171 2347 210 2411 iis
240 2347 345 2412 effeoti
372 2347 458 2412 inter
485 2370 519 2412 se
546 2348 643 2433 primi
671 2351 778 2431 erunt,
808 2351 840 2412 et
868 2348 896 2412 si
922 2349 1048 2412 numeri
1078 2348 1118 2411 ab

104 2454 199 2518 initio
215 2453 335 2537 sumpti
349 2475 500 2519 numeros
510 2454 684 2538 productos
699 2455 952 2539 multiplicantes
967 2475 1119 2518 numeros

106 2561 231 2644 aliquos
260 2560 439 2645 effecerint,
466 2560 490 2624 ii
514 2583 640 2646 quoque
664 2561 752 2625 inter
775 2583 808 2626 se
832 2560 930 2645 peiuri
954 2564 1049 2625 erunt
1074 2562 1120 2641 [et

106 2687 234 2749 semper
255 2667 291 2730 in
314 2663 499 2751 extremis1)
522 2667 584 2732 hoo
607 2667 746 2749 aedidit}

176 2877 201 2943 1)
220 2870 303 2941 ἄκροι
330 2875 385 2929 hoo
414 2875 477 2930 loeo
506 2875 574 2931 setis
600 2876 755 2932 insolenter
782 2876 906 2946 positum
934 2878 985 2932 est.
1028 2894 1118 2948 neque

103 2944 178 3000 enim
204 2945 282 3000 uliud
310 2945 451 3015 signifieat
478 2947 544 3001 nisi:
577 2948 706 3016 ultimos,
734 2947 835 3003 ultimo
862 2949 925 3004 loeo
957 2949 1117 3018 producton

101 3018 248 3086 praeterea
266 3015 369 3070 mirum
387 3020 443 3086 eet,
467 3019 537 3073 heeo
555 3018 642 3074 uerba
660 3017 690 3072 in
710 3017 948 3075 demonstratione
972 3037 1008 3073 ne
1031 3021 1117 3075 uerbo

102 3087 216 3176 quidem
234 3087 350 3174 respici,
369 3088 473 3144 nedum
492 3089 723 3144 demonstrentur.
761 3106 846 3158 quere
864 3093 942 3158 puto,
962 3091 1050 3144 uerba
1069 3090 1119 3144 καὶ

101 3158 149 3214 αεὶ
162 3158 228 3228 περὶ
246 3178 313 3221 τους
327 3156 433 3227 ἄκρους
446 3161 529 3214 τοῦτο
544 3163 693 3234 συμβαίνει
707 3160 755 3214 lin.
771 3167 877 3216 20-21
893 3161 959 3215 ante
974 3160 1118 3216 Thoonem

101 3229 277 3298 interpolate
296 3247 370 3296 esse;
390 3229 486 3285 omisit
505 3229 662 3300 Campanus
681 3230 743 3296 VII,
763 3239 797 3288 28
817 3231 878 3301 (sed
896 3232 926 3285 in
946 3231 1118 3286 demonstre-

101 3302 180 3356 tione
200 3300 292 3355 eddit:
319 3301 413 3370 sieque
433 3300 458 3355 si
475 3300 609 3356 infinities
627 3303 774 3357 duceretur
796 3306 946 3372 utrumque
969 3303 1118 3371 producto-

100 3390 163 3426 rum
189 3372 219 3425 in
247 3389 327 3426 suum
354 3372 535 3442 principium,
564 3375 657 3428 essent
684 3389 780 3428 omnes
808 3373 939 3444 producti
963 3376 1060 3429 eontra
1088 3391 1116 3428 se

101 3442 198 3568 paim?
218 3444 247 3497 et
264 3460 321 3569 rign
339 3443 442 3513 solum,
467 3444 516 3498 sed
536 3444 655 3513 quilibet
674 3443 790 3499 eductus
810 3445 845 3500 eb
864 3463 883 3500 o
905 3445 941 3500 nd
962 3445 1118 3514 quemlibet

101 3529 171 3568 euo
185 3530 269 3567 ume
305 3520 322 3567 l.
703 3543 705 3547 π

903 3604 956 3660 16*
