2446 3938
139 194 205 259 354
514 194 715 246 Στοιτοιατι
733 189 776 247 ε’.

138 334 203 425 ἄρα
227 333 287 403 τὸν
311 341 343 403 Γ
362 347 475 422 μετρεῖ
494 333 577 402 κατὰ
601 331 660 414 τάς
684 335 722 401 ἐν
744 338 790 426 τῷ
815 343 847 402 A
869 334 1036 421 μονάδας·
1087 334 1107 415 6
1131 347 1164 407 A

137 440 203 529 άρα
221 440 282 508 τὸν
296 448 325 508 Β
344 439 637 519 πολλαπλασιάσας
656 438 716 508 τὸν
730 446 763 508 Γ
776 446 966 528 πεποίηκεν.
999 443 1074 511 ἐπεὶ
1095 436 1161 513 οὖν

138 543 156 615 6
184 558 217 614 A
244 545 364 615 ἑαυτὸν
400 546 462 633 μὲν
493 545 787 627 πολλαπλασιάσας
814 545 874 616 τὸν
903 553 932 615 Β
960 554 1159 636 πεποίηκεν,

136 652 195 722 τὸν
219 653 298 721 δὲΒ
317 652 609 732 πολλαπλασιάσας
627 651 688 720 τὸν
702 658 735 720 Γ
749 658 940 740 πεποίηκεν,
963 653 1072 740 κύβος
1091 653 1160 745 ἄρα

101 760 227 829 ὓέστὶν
255 757 273 829 ὁ
297 766 333 827 Γ.
379 760 435 826 καὶ
464 758 532 826 ἐπεὶ
561 760 596 827 οί
617 764 655 844 Γ,
681 767 729 845 Δ,
752 767 797 845 Ε,
821 767 849 826 Ζ
876 760 951 846 ἑξῆς
979 757 1167 849 άνάλογύν·

136 872 233 953 εἰσιν,
257 862 275 933 6
300 865 338 933 δὲ
360 872 392 933 Γ
411 863 514 951 κύβος
537 865 640 949 ἐστίν,
662 864 718 932 καὶ
742 862 760 933 6
780 872 807 931 Z
832 863 897 955 ἄρα
923 863 1028 952 κύβος
1053 870 1159 937 ἐστίν.

136 976 271 1059 ἐδείχθη
301 972 338 1039 δὲ
365 972 420 1037 καὶ
447 969 668 1058 τετράγωνος·
703 967 721 1038 6
746 968 813 1058 άρα
836 973 980 1058 ἕβδομος
1004 969 1071 1042 άπὸ
1098 980 1160 1063 τῆς

136 1079 285 1166 μονάδος
317 1077 420 1163 κύβος
450 1078 487 1144 τέ
518 1079 586 1145 ἐστι
612 1077 668 1143 καὶ
696 1076 910 1165 τετράγωνος.
957 1075 1085 1165 ὁμοίως
1114 1081 1159 1169 δὴ

137 1188 305 1272 δείξομεν,
330 1183 381 1252 ὅτι
404 1184 460 1250 καὶ
485 1186 520 1249 οί
540 1183 637 1269 πέντε
660 1187 886 1264 διαλείποντες
909 1183 1030 1266 πάντες
1052 1187 1160 1274 κύβοι

85 1307 119 1355 10
138 1292 175 1358 τί
196 1295 260 1358 είσι
283 1289 339 1357 καὶ
362 1289 578 1377 τετράγωνοι·
611 1287 691 1376 ὅπερ
715 1293 783 1357 ἔδει
806 1292 919 1370 δείξαι.

612 1482 662 1549 ffl

203 1603 291 1672 Ἐάν
320 1602 394 1672 άπὸ
424 1604 601 1692 μονάδος
628 1603 845 1675 ὁποσοιοῦν
874 1608 961 1695 ἑξῆς
987 1610 1156 1682 κατὰτὸ

133 1710 294 1797 συνεχὲς
317 1708 485 1798 ἀριθμοὶ
504 1709 705 1798 ἀνάλογον
725 1704 837 1799 ὦσιν,
863 1710 881 1781 6
901 1715 945 1783 δὲ
962 1715 1061 1803 μετὰ
1081 1719 1157 1806 τὴν

132 1815 285 1904 μονάδα
303 1817 551 1904 τετράγωνος
568 1809 609 1907 ᾖ,
627 1819 692 1886 καὶ
712 1822 751 1886 οί
767 1820 905 1888 λοιποὶ
924 1820 1072 1903 πάντες
1096 1851 1157 1894 τε·

79 1950 112 1997 15
131 1922 331 2012 τράγωνοι
355 1928 524 1992 ἔσονται.
565 1925 630 1991 καὶ
650 1923 717 1992 ἐὰν
737 1921 755 1993 6
780 1925 874 2012 μετά
898 1930 970 2015 τὴν
993 1930 1156 2015 μονάδα

129 2029 251 2116 κύβος
274 2022 312 2118 ᾖ,
334 2031 400 2098 καὶ
424 2034 464 2097 οί
483 2031 617 2098 λοιποὶ
640 2030 782 2111 πάντες
804 2031 921 2118 κύβοι
945 2039 1121 2106 ἔσονται.

187 2135 364 2204 Ἔστωσαν
387 2134 452 2204 άπὸ
481 2136 629 2223 μονάδος
654 2138 728 2223 ἑξῆς
755 2136 926 2226 ἀνάλογον
951 2137 1156 2231 ὁσοιδηποτ-

132 2247 196 2311 οὗν
224 2241 365 2331 ἀριθμοὶ
392 2245 495 2326 οιΑ,
518 2250 562 2327 Β,
585 2248 628 2327 Γ,
653 2253 696 2329 Δ,
716 2230 765 2329 Έ,
789 2251 832 2330 Ζ,
861 2242 879 2314 6
911 2246 949 2314 δὲ
976 2245 1060 2334 μετὰ
1089 2250 1156 2340 τὴν

125 3018 257 3105 μονάδα
287 3017 305 3089 6
328 3031 361 3089 A
382 3021 589 3109 τετράγωνος
612 3024 708 3088 ἔστω·
745 3021 841 3108 λέγω,
866 3020 917 3090 ὅτι
939 3023 996 3090 καὶ
1019 3030 1057 3094 οί
1076 3036 1152 3098 λοι-

69 3157 104 3206 20
123 3126 180 3195 πολ
203 3127 324 3208 πάντες
346 3126 552 3214 τετράγωνοι
574 3132 718 3196 ἔσονται.

182 3231 253 3300 Ὅτι
280 3233 342 3321 μὲν
372 3225 435 3301 οὖν
465 3230 482 3302 6
511 3239 621 3321 τρίτος
650 3233 715 3302 άπὸ
744 3238 803 3321 τῆς
826 3234 977 3322 μονάδος
1000 3233 1018 3304 6
1042 3245 1072 3304 B
1097 3267 1152 3309 τε·

123 3340 295 3425 τράγωνός
320 3343 389 3407 ἐστι
417 3341 472 3407 καὶ
503 3342 538 3408 οί
563 3341 623 3407 ἕνα
651 3345 903 3422 διαπλείποντες
924 3341 1063 3429 πάντες,
1093 3350 1150 3416 δέ-

196 3522 218 3569 1.
238 3515 276 3584 τῷ
300 3516 338 3586 Α]
363 3512 454 3590 αύτῷ,
478 3534 563 3587 supra
587 3535 638 3572 scr.
662 3524 685 3573 A
709 3538 740 3586 φ.
813 3525 839 3574 3.
858 3516 928 3590 μέν]
953 3536 1007 3577 om.
1025 3520 1058 3575 P.
1095 3543 1149 3580 πε-
