2446 3938
75 209 153 263 XXII
476 211 685 262 PRAEFATIO.

75 379 103 433 p.
129 360 201 432 376,
227 361 281 416 22:
305 356 349 434 oi]
373 360 479 420 mutat.
502 361 534 418 in
557 353 573 420 ὁ
595 361 624 419 b.

227 449 281 506 23:
304 439 381 522 sirco]
406 445 438 507 ἐκ
461 449 488 508 b.
534 441 593 508 ὑπὸ
616 445 688 524 τῶν]
713 440 773 508 ὑπό
796 449 823 508 b.

303 536 415 614 πρῶτοί
434 535 503 613 εἰσι]
528 529 643 616 πρῶτός
666 534 742 596 ἔστιν
765 537 793 596 b.

228 627 282 683 24:
307 622 352 701 ot]
378 648 388 685 ι
411 645 486 686 eras.
510 627 538 686 b.

78 733 114 788 p..
132 716 205 789 378,
253 717 285 771 1:
308 713 420 792 πρῶτοί
440 711 526 790 εἰσιν]
550 708 664 792 πρῶτός
686 712 763 774 ἐστιν
785 714 814 774 b.

250 805 282 861 2:
306 800 360 879 ἔτι]
385 824 441 864 om.
465 804 497 880 b3
520 801 571 862 aui
593 801 634 862 ἔτι
657 822 749 880 supra
771 822 827 864 scr.
850 824 889 863 m.
912 823 969 864 ree.

302 890 347 968 ol]
372 915 383 951 ι
406 910 479 952 eras.
504 893 531 953 b.

248 983 281 1040 3:
304 980 416 1060 πρῶτοί
436 978 522 1057 εἰσιν]
546 972 661 1059 πρῶτός
684 977 761 1040 ἔστιν
783 982 811 1042 b.

142 1106 266 1165 Praeter
297 1123 412 1166 errores
445 1123 536 1182 supra
570 1106 632 1166 suis
669 1105 741 1166 locis
773 1106 804 1164 in
842 1106 1085 1168 adnotationibus

75 1199 235 1271 correctos,
262 1194 367 1272 quiin
390 1194 598 1255 collationibus
622 1195 756 1254 codicum
779 1196 934 1256 enotandis
958 1198 1085 1273 irrepse-

73 1287 152 1361 runt,
171 1304 265 1342 unum
284 1283 477 1360 deprehendi;
495 1303 565 1343 nam
584 1305 611 1360 p.
633 1286 695 1344 392
714 1283 747 1343 in
765 1284 958 1346 adnotatione
977 1287 1085 1345 adden-

74 1373 145 1432 dum
168 1376 226 1433 est:
251 1374 320 1448 „10.
343 1370 414 1448 τῶν]
439 1367 497 1452 ἄρα
518 1375 577 1433 τῶν
599 1368 739 1450 anqf‘

472 1546 686 1556 mm...-

145 1670 304 1747 Quoniam
324 1670 455 1737 collatio
476 1672 595 1737 codicis
614 1670 783 1737 Bodleiani
801 1671 835 1735 in
854 1671 936 1736 libro
952 1672 1086 1759 decimo,

74 1798 171 1861 quam
196 1777 278 1843 alius
303 1779 535 1844 conficiendam
559 1777 714 1862 suscepit,
745 1777 888 1842 nondum
911 1777 1004 1842 finita
1027 1783 1086 1864 est,

77 1887 229 1966 quartum
252 1883 496 1950 Elementorum
519 1885 672 1950 uolumen
694 1884 796 1949 libros
827 1885 1085 1951 stereometrieos

75 1990 247 2057 continens
276 1996 351 2058 ante
374 1993 506 2058 tertium
534 1992 679 2077 prodibit
702 1995 734 2056 et
756 1991 790 2056 id
813 1992 920 2076 ipsum
946 1991 1085 2058 fortasse

72 2098 183 2182 paullo
211 2099 349 2186 tardius,
381 2101 457 2186 quia
484 2100 546 2166 hoc
574 2120 701 2184 quoque
730 2121 828 2178 anno,
859 2097 1084 2164 Ministerio

73 2206 175 2271 cultui
194 2207 377 2294 scholisque
401 2205 600 2292 praesidenti
617 2226 729 2270 rursus
751 2204 978 2270 liberalissime
997 2206 1084 2271 adiu·

73 2319 182 2399 nante,
204 2315 378 2381 interuenit
400 2315 463 2378 iter
480 2312 633 2376 Italicum
655 2311 755 2386 trium
774 2310 944 2395 mensium,
966 2311 1084 2396 inquo

72 2421 198 2487 codices
220 2421 420 2486 scholiorum
439 2421 472 2483 et
490 2439 623 2502 operum
647 2418 810 2484 minorum
825 2417 972 2482 ‘maxime
992 2416 1084 2483 Uati·

72 2549 171 2592 canos
194 2528 416 2611 perscrutatus
440 2547 520 2592 sum.
556 2547 650 2611 quem
673 2525 817 2591 laborem
841 2528 879 2590 ut
901 2528 970 2588 tam
992 2524 1084 2589 breui

72 2636 220 2719 tempore
240 2633 394 2698 adfinem
413 2631 586 2718 perducere
608 2655 748 2718 possem,
771 2634 947 2698 effecerunt
966 2632 1084 2696 summi

71 2739 134 2805 uiri
153 2738 255 2806 Mons.
274 2737 465 2807 Oiceolini
483 2744 516 2806 et
534 2741 570 2806 P.
588 2740 722 2826 Bollig
740 2739 772 2806 S.
785 2739 825 2826 J.,
844 2736 1084 2804 bibliothecarii

72 2846 232 2933 Uaticani,
251 2871 387 2934 quorum
400 2849 639 2921 humanitatem
652 2846 975 2928 beneuolentiamque
989 2847 1083 2929 grato

72 2976 109 3020 ac
131 2955 246 3020 libenti
270 2957 378 3022 animo
403 2976 553 3042 agnosco.

166 3078 231 3146 Ser.
254 3080 402 3147 Hauniae
426 3102 535 3147 mense
560 3077 731 3146 Decembri
753 3075 1108 3159 Muoconxxiffll„
