<?xml version="1.0" encoding="UTF-8"?>
<!DOCTYPE html PUBLIC "-//W3C//DTD XHTML 1.0 Transitional//EN"
    "http://www.w3.org/TR/xhtml1/DTD/xhtml1-transitional.dtd">
<html xmlns="http://www.w3.org/1999/xhtml" xml:lang="en" lang="en">
 <head>
  <title>
</title>
<meta http-equiv="Content-Type" content="text/html;charset=utf-8" />
  <meta name='ocr-system' content='tesseract 3.04.00' />
  <meta name='ocr-capabilities' content='ocr_page ocr_carea ocr_par ocr_line ocrx_word'/>
</head>
<body>
  <div class='ocr_page' id='page_1' title='image "./euclidisoperaom19unkngoog_0241.png"; bbox 0 0 2446 3938; ppageno 0'>
   <div class='ocr_carea' id='block_1_1' title="bbox 144 174 778 244">
    <p class='ocr_par' dir='ltr' id='par_1_1' title="bbox 144 174 778 244">
     <span class='ocr_line' id='line_1_1' title="bbox 144 174 778 244; baseline 0.003 -2"><span class='ocrx_word' id='word_1_1' title='bbox 144 177 210 242; x_wconf 79' lang='lat'><strong><em>210</em></strong></span> <span class='ocrx_word' id='word_1_2' title='bbox 522 178 725 231; x_wconf 69' lang='grc' dir='ltr'>ΣΤΟΙΧΕΙΩΝ</span> <span class='ocrx_word' id='word_1_3' title='bbox 743 174 778 244; x_wconf 72' lang='grc' dir='ltr'><strong><em>ζ’·</em></strong></span> 
     </span>
    </p>
   </div>
   <div class='ocr_carea' id='block_1_2' title="bbox 142 318 1167 726">
    <p class='ocr_par' dir='ltr' id='par_1_2' title="bbox 142 318 1167 726">
     <span class='ocr_line' id='line_1_2' title="bbox 142 318 1167 407; baseline 0.002 -19"><span class='ocrx_word' id='word_1_4' title='bbox 142 325 204 389; x_wconf 84' lang='grc' dir='ltr'><strong><em>τοῦ</em></strong></span> <span class='ocrx_word' id='word_1_5' title='bbox 236 326 307 388; x_wconf 85' lang='grc' dir='ltr'><strong><em>ΓΔ.</em></strong></span> <span class='ocrx_word' id='word_1_6' title='bbox 360 328 431 400; x_wconf 76' lang='grc' dir='ltr'><strong><em>ι’σος</em></strong></span> <span class='ocrx_word' id='word_1_7' title='bbox 464 318 502 389; x_wconf 72' lang='grc' dir='ltr'><strong><em>δὲ</em></strong></span> <span class='ocrx_word' id='word_1_8' title='bbox 533 318 788 406; x_wconf 75' lang='grc' dir='ltr'><strong><em>συναμφότερος</em></strong></span> <span class='ocrx_word' id='word_1_9' title='bbox 819 320 881 407; x_wconf 66' lang='grc' dir='ltr'><strong><em>μὲν</em></strong></span> <span class='ocrx_word' id='word_1_10' title='bbox 914 320 935 388; x_wconf 84' lang='grc' dir='ltr'><strong><em>οΙ</em></strong></span> <span class='ocrx_word' id='word_1_11' title='bbox 965 326 1061 406; x_wconf 89' lang='grc' dir='ltr'><strong><em>ΜΚ,</em></strong></span> <span class='ocrx_word' id='word_1_12' title='bbox 1089 328 1167 391; x_wconf 86' lang='grc' dir='ltr'><strong><em>ΝΘ</em></strong></span> 
     </span>
     <span class='ocr_line' id='line_1_3' title="bbox 142 424 1164 520; baseline 0.003 -26"><span class='ocrx_word' id='word_1_13' title='bbox 142 431 188 520; x_wconf 80' lang='grc' dir='ltr'><strong><em>τῷ</em></strong></span> <span class='ocrx_word' id='word_1_14' title='bbox 221 434 300 512; x_wconf 86' lang='grc' dir='ltr'><strong><em>ΕΒ,</em></strong></span> <span class='ocrx_word' id='word_1_15' title='bbox 333 425 351 495; x_wconf 91' lang='lat'><em>5</em></span> <span class='ocrx_word' id='word_1_16' title='bbox 379 425 417 494; x_wconf 73' lang='grc' dir='ltr'><strong><em>δέ</em></strong></span> <span class='ocrx_word' id='word_1_17' title='bbox 444 432 516 493; x_wconf 97' lang='grc' dir='ltr'><strong><em>ΘΗ</em></strong></span> <span class='ocrx_word' id='word_1_18' title='bbox 538 429 584 514; x_wconf 78' lang='grc' dir='ltr'><strong><em>τῷ</em></strong></span> <span class='ocrx_word' id='word_1_19' title='bbox 612 432 691 494; x_wconf 90' lang='grc' dir='ltr'><strong><em>ΒΑ·</em></strong></span> <span class='ocrx_word' id='word_1_20' title='bbox 722 425 779 493; x_wconf 79' lang='grc' dir='ltr'><strong><em>καὶ</em></strong></span> <span class='ocrx_word' id='word_1_21' title='bbox 806 424 923 506; x_wconf 84' lang='grc' dir='ltr'><strong><em>λοιπὸς</em></strong></span> <span class='ocrx_word' id='word_1_22' title='bbox 950 424 1017 512; x_wconf 74' lang='grc' dir='ltr'><strong><em>ἄρα</em></strong></span> <span class='ocrx_word' id='word_1_23' title='bbox 1045 424 1064 496; x_wconf 91' lang='lat'><em>5</em></span> <span class='ocrx_word' id='word_1_24' title='bbox 1096 435 1164 497; x_wconf 92' lang='grc' dir='ltr'><strong><em>ΕΒ</em></strong></span> 
     </span>
     <span class='ocr_line' id='line_1_4' title="bbox 142 529 1162 620; baseline 0.004 -20"><span class='ocrx_word' id='word_1_25' title='bbox 142 537 262 601; x_wconf 79' lang='grc' dir='ltr'><strong><em>λοιποῦ</em></strong></span> <span class='ocrx_word' id='word_1_26' title='bbox 289 536 352 601; x_wconf 84' lang='grc' dir='ltr'><strong><em>τοῦ</em></strong></span> <span class='ocrx_word' id='word_1_27' title='bbox 384 539 451 600; x_wconf 91' lang='lat' dir='ltr'><strong><em>ZA</em></strong></span> <span class='ocrx_word' id='word_1_28' title='bbox 482 529 523 600; x_wconf 78' lang='grc' dir='ltr'><strong><em>τὰ</em></strong></span> <span class='ocrx_word' id='word_1_29' title='bbox 550 529 636 598; x_wconf 82' lang='grc' dir='ltr'><strong><em>αὐτὰ</em></strong></span> <span class='ocrx_word' id='word_1_30' title='bbox 664 533 747 620; x_wconf 82' lang='grc' dir='ltr'><strong><em>μέρη</em></strong></span> <span class='ocrx_word' id='word_1_31' title='bbox 775 533 883 618; x_wconf 77' lang='grc' dir='ltr'><strong><em>ἐστίν,</em></strong></span> <span class='ocrx_word' id='word_1_32' title='bbox 915 530 999 620; x_wconf 76' lang='grc' dir='ltr'><strong><em>ὅπερ</em></strong></span> <span class='ocrx_word' id='word_1_33' title='bbox 1028 530 1107 614; x_wconf 90' lang='grc' dir='ltr'><strong><em>ὅλος</em></strong></span> <span class='ocrx_word' id='word_1_34' title='bbox 1141 532 1162 603; x_wconf 89' lang='lat'><em>5</em></span> 
     </span>
     <span class='ocr_line' id='line_1_5' title="bbox 142 637 831 726; baseline -0.003 -20"><span class='ocrx_word' id='word_1_35' title='bbox 142 645 207 707; x_wconf 86' lang='lat' dir='ltr'><strong><em>AB</em></strong></span> <span class='ocrx_word' id='word_1_36' title='bbox 231 637 314 708; x_wconf 89' lang='grc' dir='ltr'><strong><em>ὅλου</em></strong></span> <span class='ocrx_word' id='word_1_37' title='bbox 336 642 398 706; x_wconf 83' lang='grc' dir='ltr'><strong><em>τοῦ</em></strong></span> <span class='ocrx_word' id='word_1_38' title='bbox 422 643 497 705; x_wconf 93' lang='grc' dir='ltr'><strong><em>ΓΔ·</em></strong></span> <span class='ocrx_word' id='word_1_39' title='bbox 520 637 602 726; x_wconf 80' lang='grc' dir='ltr'><strong><em>ὅπερ</em></strong></span> <span class='ocrx_word' id='word_1_40' title='bbox 625 641 694 706; x_wconf 76' lang='grc' dir='ltr'><strong><em>ἔδει</em></strong></span> <span class='ocrx_word' id='word_1_41' title='bbox 718 639 831 719; x_wconf 78' lang='grc' dir='ltr'><strong><em>δεῖξαι.</em></strong></span> 
     </span>
    </p>
   </div>
   <div class='ocr_carea' id='block_1_3' title="bbox 8 813 1186 2818">
    <p class='ocr_par' dir='ltr' id='par_1_3' title="bbox 8 813 1186 2818">
     <span class='ocr_line' id='line_1_6' title="bbox 105 813 671 884; baseline 0.004 -2"><span class='ocrx_word' id='word_1_42' title='bbox 105 830 122 882; x_wconf 85' lang='grc' dir='ltr'><strong><em>ι</em></strong></span> <span class='ocrx_word' id='word_1_43' title='bbox 621 813 671 884; x_wconf 72' lang='grc' dir='ltr'><strong><em>θ’.</em></strong></span> 
     </span>
     <span class='ocr_line' id='line_1_7' title="bbox 8 914 1161 1040; baseline 0.002 -50"><span class='ocrx_word' id='word_1_44' title='bbox 8 1010 9 1019; x_wconf 16' lang='lat'>¹</span> <span class='ocrx_word' id='word_1_45' title='bbox 39 983 58 1040; x_wconf 38' lang='lat' dir='ltr'><strong><em>a·</em></strong></span> <span class='ocrx_word' id='word_1_46' title='bbox 145 942 182 1011; x_wconf 74' lang='grc' dir='ltr'><strong><em>ῑο</em></strong></span> <span class='ocrx_word' id='word_1_47' title='bbox 204 920 292 991; x_wconf 82' lang='grc' dir='ltr'><strong><em>Ἐὰν</em></strong></span> <span class='ocrx_word' id='word_1_48' title='bbox 320 919 492 1008; x_wconf 76' lang='grc' dir='ltr'><strong><em>ἀριθμὸς</em></strong></span> <span class='ocrx_word' id='word_1_49' title='bbox 520 916 697 1008; x_wconf 77' lang='grc' dir='ltr'><strong><em>ἀριθμοῦ</em></strong></span> <span class='ocrx_word' id='word_1_50' title='bbox 724 923 842 1010; x_wconf 80' lang='grc' dir='ltr'><strong><em>μέρος</em></strong></span> <span class='ocrx_word' id='word_1_51' title='bbox 869 914 907 1010; x_wconf 79' lang='grc' dir='ltr'><strong><em>ᾗ,</em></strong></span> <span class='ocrx_word' id='word_1_52' title='bbox 934 921 999 989; x_wconf 80' lang='grc' dir='ltr'><strong><em>καὶ</em></strong></span> <span class='ocrx_word' id='word_1_53' title='bbox 1023 923 1161 1012; x_wconf 81' lang='grc' dir='ltr'><strong><em>ἕτερος</em></strong></span> 
     </span>
     <span class='ocr_line' id='line_1_8' title="bbox 22 984 1160 1140; baseline 0.001 -43"><span class='ocrx_word' id='word_1_54' title='bbox 22 984 277 1140; x_wconf 36' lang='grc' dir='ltr'><strong><em>ἤι’,ἱηέτέρου</em></strong></span> <span class='ocrx_word' id='word_1_55' title='bbox 300 1028 342 1098; x_wconf 90' lang='grc' dir='ltr'><strong><em>τὸ</em></strong></span> <span class='ocrx_word' id='word_1_56' title='bbox 367 1026 462 1096; x_wconf 82' lang='grc' dir='ltr'><strong><em>αὐτὸ</em></strong></span> <span class='ocrx_word' id='word_1_57' title='bbox 486 1028 603 1115; x_wconf 80' lang='grc' dir='ltr'><strong><em>μέρος</em></strong></span> <span class='ocrx_word' id='word_1_58' title='bbox 625 1017 664 1115; x_wconf 75' lang='grc' dir='ltr'><strong><em>ᾖ,</em></strong></span> <span class='ocrx_word' id='word_1_59' title='bbox 691 1027 757 1094; x_wconf 83' lang='grc' dir='ltr'><strong><em>καὶ</em></strong></span> <span class='ocrx_word' id='word_1_60' title='bbox 782 1026 968 1114; x_wconf 80' lang='grc' dir='ltr'><strong><em>ἐναλλάξ,</em></strong></span> <span class='ocrx_word' id='word_1_61' title='bbox 996 1024 1015 1097; x_wconf 84' lang='grc' dir='ltr'><strong><em>ὅ</em></strong></span> <span class='ocrx_word' id='word_1_62' title='bbox 1039 1029 1160 1116; x_wconf 89' lang='grc' dir='ltr'><strong><em>μέρος</em></strong></span> 
     </span>
     <span class='ocr_line' id='line_1_9' title="bbox 35 1119 1157 1224; baseline 0.002 -20"><span class='ocrx_word' id='word_1_63' title='bbox 35 1119 71 1163; x_wconf 53' lang='lat' dir='ltr'><strong><em>s&#39;</em></strong></span> <span class='ocrx_word' id='word_1_64' title='bbox 140 1136 247 1204; x_wconf 78' lang='grc' dir='ltr'><strong><em>ἐστὶν</em></strong></span> <span class='ocrx_word' id='word_1_65' title='bbox 280 1132 301 1223; x_wconf 77' lang='grc' dir='ltr'><em>ἢ</em></span> <span class='ocrx_word' id='word_1_66' title='bbox 333 1136 430 1224; x_wconf 87' lang='grc' dir='ltr'><strong><em>μέρη</em></strong></span> <span class='ocrx_word' id='word_1_67' title='bbox 464 1131 482 1203; x_wconf 90' lang='lat'><em>5</em></span> <span class='ocrx_word' id='word_1_68' title='bbox 515 1137 668 1223; x_wconf 75' lang='grc' dir='ltr'><strong><em>πρῶτος</em></strong></span> <span class='ocrx_word' id='word_1_69' title='bbox 699 1136 769 1202; x_wconf 81' lang='grc' dir='ltr'><strong><em>τοῦ</em></strong></span> <span class='ocrx_word' id='word_1_70' title='bbox 799 1139 953 1222; x_wconf 86' lang='grc' dir='ltr'><strong><em>τρίτου,</em></strong></span> <span class='ocrx_word' id='word_1_71' title='bbox 985 1133 1028 1204; x_wconf 91' lang='grc' dir='ltr'><strong><em>τὸ</em></strong></span> <span class='ocrx_word' id='word_1_72' title='bbox 1059 1133 1157 1206; x_wconf 83' lang='grc' dir='ltr'><strong><em>αὐτὸ</em></strong></span> 
     </span>
     <span class='ocr_line' id='line_1_10' title="bbox 138 1237 1159 1332; baseline 0.001 -21"><span class='ocrx_word' id='word_1_73' title='bbox 138 1245 255 1330; x_wconf 82' lang='grc' dir='ltr'><strong><em>μέρος</em></strong></span> <span class='ocrx_word' id='word_1_74' title='bbox 287 1248 397 1311; x_wconf 84' lang='grc' dir='ltr'><strong><em>ἔσται</em></strong></span> <span class='ocrx_word' id='word_1_75' title='bbox 428 1237 450 1328; x_wconf 78' lang='grc' dir='ltr'><strong><em>ἢ</em></strong></span> <span class='ocrx_word' id='word_1_76' title='bbox 482 1237 527 1309; x_wconf 81' lang='grc' dir='ltr'><strong><em>τὰ</em></strong></span> <span class='ocrx_word' id='word_1_77' title='bbox 561 1237 660 1307; x_wconf 78' lang='grc' dir='ltr'><strong><em>αὐτὰ</em></strong></span> <span class='ocrx_word' id='word_1_78' title='bbox 692 1241 789 1329; x_wconf 86' lang='grc' dir='ltr'><strong><em>μέρη</em></strong></span> <span class='ocrx_word' id='word_1_79' title='bbox 821 1240 887 1308; x_wconf 85' lang='grc' dir='ltr'><strong><em>καὶ</em></strong></span> <span class='ocrx_word' id='word_1_80' title='bbox 915 1237 933 1310; x_wconf 95' lang='lat'><em>5</em></span> <span class='ocrx_word' id='word_1_81' title='bbox 968 1241 1159 1332; x_wconf 74' lang='grc' dir='ltr'><strong><em>δεύτερος</em></strong></span> 
     </span>
     <span class='ocr_line' id='line_1_11' title="bbox 87 1349 431 1436; baseline 0.012 -25"><span class='ocrx_word' id='word_1_82' title='bbox 87 1353 207 1417; x_wconf 84' lang='grc' dir='ltr'><strong><em>10τοὶ</em></strong></span> <span class='ocrx_word' id='word_1_83' title='bbox 230 1349 431 1436; x_wconf 80' lang='grc' dir='ltr'><strong><em>τετάρτου.</em></strong></span> 
     </span>
     <span class='ocr_line' id='line_1_12' title="bbox 201 1449 1156 1544; baseline 0.004 -22"><span class='ocrx_word' id='word_1_84' title='bbox 201 1453 359 1544; x_wconf 77' lang='grc' dir='ltr'><strong><em>Ἀριθμὸς</em></strong></span> <span class='ocrx_word' id='word_1_85' title='bbox 385 1453 450 1540; x_wconf 77' lang='grc' dir='ltr'><strong><em>γὰρ</em></strong></span> <span class='ocrx_word' id='word_1_86' title='bbox 481 1449 499 1520; x_wconf 89' lang='lat'><em>5</em></span> <span class='ocrx_word' id='word_1_87' title='bbox 524 1462 556 1519; x_wconf 91' lang='lat' dir='ltr'><em>A</em></span> <span class='ocrx_word' id='word_1_88' title='bbox 578 1449 730 1543; x_wconf 82' lang='grc' dir='ltr'><strong><em>ἀριθμοῦ</em></strong></span> <span class='ocrx_word' id='word_1_89' title='bbox 756 1456 819 1520; x_wconf 85' lang='grc' dir='ltr'><strong><em>τοῦ</em></strong></span> <span class='ocrx_word' id='word_1_90' title='bbox 841 1458 908 1520; x_wconf 90' lang='grc' dir='ltr'><strong><em>ΒΓ</em></strong></span> <span class='ocrx_word' id='word_1_91' title='bbox 930 1454 1031 1542; x_wconf 80' lang='grc' dir='ltr'><strong><em>μέρος</em></strong></span> <span class='ocrx_word' id='word_1_92' title='bbox 1057 1461 1156 1544; x_wconf 81' lang='grc' dir='ltr'><strong><em>ἔστω,</em></strong></span> 
     </span>
     <span class='ocr_line' id='line_1_13' title="bbox 135 1556 1155 1651; baseline 0.004 -23"><span class='ocrx_word' id='word_1_93' title='bbox 135 1562 192 1628; x_wconf 82' lang='grc' dir='ltr'><strong><em>καὶ</em></strong></span> <span class='ocrx_word' id='word_1_94' title='bbox 215 1563 325 1649; x_wconf 80' lang='grc' dir='ltr'><strong><em>ἕτερος</em></strong></span> <span class='ocrx_word' id='word_1_95' title='bbox 349 1558 367 1629; x_wconf 90' lang='lat'><em>5</em></span> <span class='ocrx_word' id='word_1_96' title='bbox 391 1567 425 1626; x_wconf 87' lang='lat' dir='ltr'><em>A</em></span> <span class='ocrx_word' id='word_1_97' title='bbox 448 1559 647 1646; x_wconf 84' lang='grc' dir='ltr'><strong><em>ἑτέρουτοὶ</em></strong></span> <span class='ocrx_word' id='word_1_98' title='bbox 671 1567 734 1628; x_wconf 92' lang='grc' dir='ltr'><strong><em>ΕΖ</em></strong></span> <span class='ocrx_word' id='word_1_99' title='bbox 752 1557 790 1628; x_wconf 89' lang='grc' dir='ltr'><strong><em>τὸ</em></strong></span> <span class='ocrx_word' id='word_1_100' title='bbox 814 1556 897 1627; x_wconf 83' lang='grc' dir='ltr'><strong><em>αὐτὸ</em></strong></span> <span class='ocrx_word' id='word_1_101' title='bbox 926 1560 1041 1648; x_wconf 81' lang='grc' dir='ltr'><strong><em>μέρος,</em></strong></span> <span class='ocrx_word' id='word_1_102' title='bbox 1070 1560 1155 1651; x_wconf 84' lang='grc' dir='ltr'><strong><em>ὅπερ</em></strong></span> 
     </span>
     <span class='ocr_line' id='line_1_14' title="bbox 136 1662 1186 1756; baseline 0.004 -21"><span class='ocrx_word' id='word_1_103' title='bbox 136 1664 155 1735; x_wconf 87' lang='lat'><em>5</em></span> <span class='ocrx_word' id='word_1_104' title='bbox 179 1676 211 1735; x_wconf 97' lang='lat' dir='ltr'><em>A</em></span> <span class='ocrx_word' id='word_1_105' title='bbox 232 1671 296 1735; x_wconf 77' lang='grc' dir='ltr'><strong><em>τοῦ</em></strong></span> <span class='ocrx_word' id='word_1_106' title='bbox 318 1671 393 1735; x_wconf 89' lang='grc' dir='ltr'><strong><em>ΒΓ·</em></strong></span> <span class='ocrx_word' id='word_1_107' title='bbox 420 1665 522 1752; x_wconf 79' lang='grc' dir='ltr'><strong><em>λέγω,</em></strong></span> <span class='ocrx_word' id='word_1_108' title='bbox 551 1665 603 1733; x_wconf 89' lang='grc' dir='ltr'><strong><em>ὅτι</em></strong></span> <span class='ocrx_word' id='word_1_109' title='bbox 625 1666 681 1734; x_wconf 80' lang='grc' dir='ltr'><strong><em>καὶ</em></strong></span> <span class='ocrx_word' id='word_1_110' title='bbox 705 1664 863 1752; x_wconf 83' lang='grc' dir='ltr'><strong><em>ἐναλλάξ,</em></strong></span> <span class='ocrx_word' id='word_1_111' title='bbox 891 1662 909 1734; x_wconf 85' lang='grc' dir='ltr'><strong><em>ὅ</em></strong></span> <span class='ocrx_word' id='word_1_112' title='bbox 938 1667 1038 1756; x_wconf 88' lang='grc' dir='ltr'><strong><em>μέρος</em></strong></span> <span class='ocrx_word' id='word_1_113' title='bbox 1061 1670 1186 1739; x_wconf 74' lang='grc' dir='ltr'><strong><em>ἐστὶν.</em></strong></span> 
     </span>
     <span class='ocr_line' id='line_1_15' title="bbox 136 1768 1161 1860; baseline 0.004 -19"><span class='ocrx_word' id='word_1_114' title='bbox 136 1769 154 1841; x_wconf 90' lang='lat'><em>5</em></span> <span class='ocrx_word' id='word_1_115' title='bbox 184 1783 216 1841; x_wconf 89' lang='lat' dir='ltr'><em>A</em></span> <span class='ocrx_word' id='word_1_116' title='bbox 242 1777 302 1841; x_wconf 82' lang='grc' dir='ltr'><strong><em>τοῦ</em></strong></span> <span class='ocrx_word' id='word_1_117' title='bbox 331 1781 365 1840; x_wconf 94' lang='grc' dir='ltr'><em>Δ</em></span> <span class='ocrx_word' id='word_1_118' title='bbox 391 1768 412 1859; x_wconf 81' lang='grc' dir='ltr'>ἢ</span> <span class='ocrx_word' id='word_1_119' title='bbox 440 1773 538 1859; x_wconf 85' lang='grc' dir='ltr'><strong><em>μέρη,</em></strong></span> <span class='ocrx_word' id='word_1_120' title='bbox 569 1771 607 1840; x_wconf 86' lang='grc' dir='ltr'><strong><em>τὸ</em></strong></span> <span class='ocrx_word' id='word_1_121' title='bbox 637 1769 720 1840; x_wconf 82' lang='grc' dir='ltr'><strong><em>αὐτὸ</em></strong></span> <span class='ocrx_word' id='word_1_122' title='bbox 748 1771 849 1860; x_wconf 88' lang='grc' dir='ltr'><strong><em>μέρος</em></strong></span> <span class='ocrx_word' id='word_1_123' title='bbox 877 1772 945 1840; x_wconf 78' lang='grc' dir='ltr'><strong><em>ἐστὶ</em></strong></span> <span class='ocrx_word' id='word_1_124' title='bbox 968 1773 1024 1842; x_wconf 79' lang='grc' dir='ltr'><strong><em>καὶ</em></strong></span> <span class='ocrx_word' id='word_1_125' title='bbox 1048 1771 1067 1843; x_wconf 93' lang='lat'><em>5</em></span> <span class='ocrx_word' id='word_1_126' title='bbox 1091 1782 1161 1845; x_wconf 89' lang='grc' dir='ltr'><strong><em>ΒΓ</em></strong></span> 
     </span>
     <span class='ocr_line' id='line_1_16' title="bbox 83 1874 1025 1968; baseline 0.006 -25"><span class='ocrx_word' id='word_1_127' title='bbox 83 1893 116 1944; x_wconf 78' lang='lat'><strong><em>15</em></strong></span> <span class='ocrx_word' id='word_1_128' title='bbox 134 1884 196 1947; x_wconf 86' lang='grc' dir='ltr'><strong><em>τοῦ</em></strong></span> <span class='ocrx_word' id='word_1_129' title='bbox 220 1887 282 1947; x_wconf 88' lang='grc' dir='ltr'><strong><em>ΕΖ</em></strong></span> <span class='ocrx_word' id='word_1_130' title='bbox 305 1874 326 1967; x_wconf 83' lang='grc' dir='ltr'><em>ἢ</em></span> <span class='ocrx_word' id='word_1_131' title='bbox 350 1880 443 1968; x_wconf 78' lang='grc' dir='ltr'><strong><em>μέρη.</em></strong></span> <span class='ocrx_word' id='word_1_132' title='bbox 1022 1963 1025 1968; x_wconf 90' lang='lat'>.</span> 
     </span>
     <span class='ocr_line' id='line_1_17' title="bbox 200 1973 1153 2074; baseline 0.005 -22"><span class='ocrx_word' id='word_1_133' title='bbox 200 1984 289 2054; x_wconf 81' lang='grc' dir='ltr'><em>Ἐπεὶ</em></span> <span class='ocrx_word' id='word_1_134' title='bbox 320 1982 433 2074; x_wconf 79' lang='grc' dir='ltr'><strong><em>μὰρὸ</em></strong></span> <span class='ocrx_word' id='word_1_135' title='bbox 466 1983 566 2073; x_wconf 80' lang='grc' dir='ltr'><strong><em>μέρος</em></strong></span> <span class='ocrx_word' id='word_1_136' title='bbox 593 1985 684 2053; x_wconf 77' lang='grc' dir='ltr'><strong><em>ἐστὶν</em></strong></span> <span class='ocrx_word' id='word_1_137' title='bbox 712 1980 731 2052; x_wconf 88' lang='lat'><em>5</em></span> <span class='ocrx_word' id='word_1_138' title='bbox 755 1993 787 2052; x_wconf 91' lang='lat' dir='ltr'><em>A</em></span> <span class='ocrx_word' id='word_1_139' title='bbox 809 1987 870 2053; x_wconf 83' lang='grc' dir='ltr'><strong><em>τοῦ</em></strong></span> <span class='ocrx_word' id='word_1_140' title='bbox 894 1991 971 2071; x_wconf 88' lang='grc' dir='ltr'><strong><em>ΒΓ,</em></strong></span> <span class='ocrx_word' id='word_1_141' title='bbox 999 1973 1037 2054; x_wconf 79' lang='grc' dir='ltr'><strong><em>τὸ</em></strong></span> <span class='ocrx_word' id='word_1_142' title='bbox 1067 1985 1153 2058; x_wconf 82' lang='grc' dir='ltr'><strong><em>αὐτὸ</em></strong></span> 
     </span>
     <span class='ocr_line' id='line_1_18' title="bbox 133 2086 1152 2188; baseline 0.003 -29"><span class='ocrx_word' id='word_1_143' title='bbox 133 2091 235 2180; x_wconf 83' lang='grc' dir='ltr'><strong><em>μέρος</em></strong></span> <span class='ocrx_word' id='word_1_144' title='bbox 262 2093 330 2161; x_wconf 86' lang='grc' dir='ltr'><strong><em>έστὶ</em></strong></span> <span class='ocrx_word' id='word_1_145' title='bbox 359 2093 415 2160; x_wconf 85' lang='grc' dir='ltr'><strong><em>καὶ</em></strong></span> <span class='ocrx_word' id='word_1_146' title='bbox 446 2089 464 2160; x_wconf 91' lang='lat'><em>5</em></span> <span class='ocrx_word' id='word_1_147' title='bbox 489 2099 522 2158; x_wconf 90' lang='lat' dir='ltr'><em>A</em></span> <span class='ocrx_word' id='word_1_148' title='bbox 543 2095 606 2158; x_wconf 86' lang='grc' dir='ltr'><strong><em>τοῦ</em></strong></span> <span class='ocrx_word' id='word_1_149' title='bbox 629 2097 707 2177; x_wconf 91' lang='grc' dir='ltr'><strong><em>ΕΖ,</em></strong></span> <span class='ocrx_word' id='word_1_150' title='bbox 736 2086 812 2158; x_wconf 84' lang='grc' dir='ltr'><strong><em>ὅσοι</em></strong></span> <span class='ocrx_word' id='word_1_151' title='bbox 839 2088 906 2180; x_wconf 75' lang='grc' dir='ltr'><strong><em>ἄρα</em></strong></span> <span class='ocrx_word' id='word_1_152' title='bbox 933 2093 1019 2161; x_wconf 77' lang='grc' dir='ltr'><strong><em>εἰσὶν</em></strong></span> <span class='ocrx_word' id='word_1_153' title='bbox 1043 2095 1080 2162; x_wconf 86' lang='grc' dir='ltr'><strong><em>έν</em></strong></span> <span class='ocrx_word' id='word_1_154' title='bbox 1104 2099 1152 2188; x_wconf 64' lang='lat' dir='ltr'><strong><em>vg?</em></strong></span> 
     </span>
     <span class='ocr_line' id='line_1_19' title="bbox 132 2196 1153 2292; baseline 0.001 -26"><span class='ocrx_word' id='word_1_155' title='bbox 132 2204 200 2266; x_wconf 88' lang='grc' dir='ltr'><strong><em>ΒΓ</em></strong></span> <span class='ocrx_word' id='word_1_156' title='bbox 217 2196 359 2288; x_wconf 75' lang='grc' dir='ltr'><strong><em>ἀριθμοὶ</em></strong></span> <span class='ocrx_word' id='word_1_157' title='bbox 383 2207 451 2267; x_wconf 78' lang='grc' dir='ltr'><strong><em>λσοι</em></strong></span> <span class='ocrx_word' id='word_1_158' title='bbox 473 2202 520 2290; x_wconf 76' lang='grc' dir='ltr'><strong><em>τῷ</em></strong></span> <span class='ocrx_word' id='word_1_159' title='bbox 543 2205 591 2283; x_wconf 86' lang='grc' dir='ltr'><strong><em>Α,</em></strong></span> <span class='ocrx_word' id='word_1_160' title='bbox 613 2199 774 2264; x_wconf 81' lang='grc' dir='ltr'><strong><em>τοσοῦτοί</em></strong></span> <span class='ocrx_word' id='word_1_161' title='bbox 794 2201 858 2266; x_wconf 78' lang='grc' dir='ltr'><strong><em>εἰσι</em></strong></span> <span class='ocrx_word' id='word_1_162' title='bbox 881 2199 938 2265; x_wconf 80' lang='grc' dir='ltr'><strong><em>καὶ</em></strong></span> <span class='ocrx_word' id='word_1_163' title='bbox 961 2201 998 2266; x_wconf 89' lang='grc' dir='ltr'><strong><em>έν</em></strong></span> <span class='ocrx_word' id='word_1_164' title='bbox 1016 2202 1062 2292; x_wconf 73' lang='grc' dir='ltr'><strong><em>τῷ</em></strong></span> <span class='ocrx_word' id='word_1_165' title='bbox 1087 2207 1153 2268; x_wconf 91' lang='grc' dir='ltr'><strong><em>ΕΖ</em></strong></span> 
     </span>
     <span class='ocr_line' id='line_1_20' title="bbox 133 2299 1153 2398; baseline 0.003 -27"><span class='ocrx_word' id='word_1_166' title='bbox 133 2312 201 2372; x_wconf 72' lang='grc' dir='ltr'><strong><em>ἴσοι</em></strong></span> <span class='ocrx_word' id='word_1_167' title='bbox 231 2310 275 2397; x_wconf 77' lang='grc' dir='ltr'><strong><em>τῷ</em></strong></span> <span class='ocrx_word' id='word_1_168' title='bbox 309 2313 351 2372; x_wconf 88' lang='lat' dir='ltr'><strong><em>A.</em></strong></span> <span class='ocrx_word' id='word_1_169' title='bbox 402 2302 580 2393; x_wconf 77' lang='grc' dir='ltr'><strong><em>διῃρήσθω</em></strong></span> <span class='ocrx_word' id='word_1_170' title='bbox 614 2299 631 2370; x_wconf 86' lang='grc' dir='ltr'>ὁ</span> <span class='ocrx_word' id='word_1_171' title='bbox 665 2301 727 2389; x_wconf 70' lang='grc' dir='ltr'><strong><em>μὲν</em></strong></span> <span class='ocrx_word' id='word_1_172' title='bbox 759 2309 827 2373; x_wconf 92' lang='grc' dir='ltr'><strong><em>ΒΓ</em></strong></span> <span class='ocrx_word' id='word_1_173' title='bbox 853 2308 901 2384; x_wconf 77' lang='grc' dir='ltr'><strong><em>εἰς</em></strong></span> <span class='ocrx_word' id='word_1_174' title='bbox 930 2301 1010 2383; x_wconf 77' lang='grc' dir='ltr'><strong><em>τοὺς</em></strong></span> <span class='ocrx_word' id='word_1_175' title='bbox 1041 2308 1088 2398; x_wconf 74' lang='grc' dir='ltr'><strong><em>τῷ</em></strong></span> <span class='ocrx_word' id='word_1_176' title='bbox 1118 2317 1153 2374; x_wconf 95' lang='grc' dir='ltr'><em>Α</em></span> 
     </span>
     <span class='ocr_line' id='line_1_21' title="bbox 79 2405 1153 2501; baseline 0.005 -26"><span class='ocrx_word' id='word_1_177' title='bbox 79 2427 113 2477; x_wconf 80' lang='lat'><strong><em>20</em></strong></span> <span class='ocrx_word' id='word_1_178' title='bbox 133 2418 228 2491; x_wconf 72' lang='grc' dir='ltr'><strong><em>ἴσους</em></strong></span> <span class='ocrx_word' id='word_1_179' title='bbox 249 2407 329 2488; x_wconf 80' lang='grc' dir='ltr'><strong><em>τοὺς</em></strong></span> <span class='ocrx_word' id='word_1_180' title='bbox 351 2415 436 2497; x_wconf 90' lang='grc' dir='ltr'><strong><em>ΒΗ,</em></strong></span> <span class='ocrx_word' id='word_1_181' title='bbox 455 2415 537 2497; x_wconf 91' lang='grc' dir='ltr'><strong><em>ΗΓ,</em></strong></span> <span class='ocrx_word' id='word_1_182' title='bbox 562 2405 579 2477; x_wconf 89' lang='lat'><em>5</em></span> <span class='ocrx_word' id='word_1_183' title='bbox 604 2407 642 2477; x_wconf 73' lang='grc' dir='ltr'><strong><em>δέ</em></strong></span> <span class='ocrx_word' id='word_1_184' title='bbox 665 2415 728 2475; x_wconf 88' lang='grc' dir='ltr'><strong><em>ΕΖ</em></strong></span> <span class='ocrx_word' id='word_1_185' title='bbox 752 2413 799 2488; x_wconf 77' lang='grc' dir='ltr'><strong><em>εἰς</em></strong></span> <span class='ocrx_word' id='word_1_186' title='bbox 826 2408 906 2490; x_wconf 84' lang='grc' dir='ltr'><strong><em>τοὺς</em></strong></span> <span class='ocrx_word' id='word_1_187' title='bbox 927 2413 973 2501; x_wconf 76' lang='grc' dir='ltr'><strong><em>τῷ</em></strong></span> <span class='ocrx_word' id='word_1_188' title='bbox 997 2418 1031 2477; x_wconf 90' lang='lat' dir='ltr'><em>A</em></span> <span class='ocrx_word' id='word_1_189' title='bbox 1054 2419 1153 2493; x_wconf 79' lang='grc' dir='ltr'><strong><em>ἴσους</em></strong></span> 
     </span>
     <span class='ocr_line' id='line_1_22' title="bbox 131 2512 1150 2606; baseline 0.002 -23"><span class='ocrx_word' id='word_1_190' title='bbox 131 2515 210 2596; x_wconf 83' lang='grc' dir='ltr'><strong><em>τοὺς</em></strong></span> <span class='ocrx_word' id='word_1_191' title='bbox 233 2524 311 2603; x_wconf 86' lang='grc' dir='ltr'><strong><em>ΕΘ,</em></strong></span> <span class='ocrx_word' id='word_1_192' title='bbox 335 2523 408 2585; x_wconf 86' lang='grc' dir='ltr'><strong><em>ΘΖ·</em></strong></span> <span class='ocrx_word' id='word_1_193' title='bbox 446 2520 538 2583; x_wconf 82' lang='grc' dir='ltr'><strong><em>ἔσται</em></strong></span> <span class='ocrx_word' id='word_1_194' title='bbox 567 2512 609 2601; x_wconf 78' lang='grc' dir='ltr'><strong><em>δὴ</em></strong></span> <span class='ocrx_word' id='word_1_195' title='bbox 641 2521 717 2582; x_wconf 83' lang='grc' dir='ltr'><strong><em>λ’σου</em></strong></span> <span class='ocrx_word' id='word_1_196' title='bbox 742 2512 792 2582; x_wconf 76' lang='grc' dir='ltr'><strong><em>τὰ</em></strong></span> <span class='ocrx_word' id='word_1_197' title='bbox 808 2520 941 2602; x_wconf 76' lang='grc' dir='ltr'><strong><em>πλῆθος</em></strong></span> <span class='ocrx_word' id='word_1_198' title='bbox 970 2519 1039 2586; x_wconf 75' lang='grc' dir='ltr'><strong><em>τῶν</em></strong></span> <span class='ocrx_word' id='word_1_199' title='bbox 1067 2525 1150 2606; x_wconf 88' lang='grc' dir='ltr'><strong><em>ΒΗ,</em></strong></span> 
     </span>
     <span class='ocr_line' id='line_1_23' title="bbox 130 2620 695 2713; baseline -0.005 -23"><span class='ocrx_word' id='word_1_200' title='bbox 130 2628 202 2690; x_wconf 93' lang='grc' dir='ltr'><strong><em>ΗΓ</em></strong></span> <span class='ocrx_word' id='word_1_201' title='bbox 220 2625 266 2713; x_wconf 79' lang='grc' dir='ltr'><strong><em>τῷ</em></strong></span> <span class='ocrx_word' id='word_1_202' title='bbox 289 2620 413 2708; x_wconf 79' lang='grc' dir='ltr'><strong><em>πλήθει</em></strong></span> <span class='ocrx_word' id='word_1_203' title='bbox 435 2625 504 2689; x_wconf 81' lang='grc' dir='ltr'><strong><em>τιόυ</em></strong></span> <span class='ocrx_word' id='word_1_204' title='bbox 527 2627 605 2706; x_wconf 89' lang='grc' dir='ltr'><strong><em>ΕΘ,</em></strong></span> <span class='ocrx_word' id='word_1_205' title='bbox 625 2627 695 2688; x_wconf 90' lang='grc' dir='ltr'><strong><em>ΘΖ.</em></strong></span> 
     </span>
     <span class='ocr_line' id='line_1_24' title="bbox 198 2725 1150 2818; baseline 0.003 -24"><span class='ocrx_word' id='word_1_206' title='bbox 198 2727 266 2794; x_wconf 80' lang='grc' dir='ltr'><strong><em>Καὶ</em></strong></span> <span class='ocrx_word' id='word_1_207' title='bbox 294 2728 363 2796; x_wconf 78' lang='grc' dir='ltr'><strong><em>ἐπεὶ</em></strong></span> <span class='ocrx_word' id='word_1_208' title='bbox 397 2735 464 2796; x_wconf 79' lang='grc' dir='ltr'><strong><em>ἴσοι</em></strong></span> <span class='ocrx_word' id='word_1_209' title='bbox 492 2727 578 2800; x_wconf 80' lang='grc' dir='ltr'><strong><em>εἰσὶν</em></strong></span> <span class='ocrx_word' id='word_1_210' title='bbox 607 2729 643 2795; x_wconf 79' lang='lat' dir='ltr'><strong><em>oc</em></strong></span> <span class='ocrx_word' id='word_1_211' title='bbox 670 2731 754 2812; x_wconf 91' lang='grc' dir='ltr'><strong><em>ΒΗ,</em></strong></span> <span class='ocrx_word' id='word_1_212' title='bbox 772 2732 845 2794; x_wconf 90' lang='grc' dir='ltr'><strong><em>ΗΓ</em></strong></span> <span class='ocrx_word' id='word_1_213' title='bbox 872 2725 1015 2817; x_wconf 74' lang='grc' dir='ltr'><strong><em>ἀριθμοὶ</em></strong></span> <span class='ocrx_word' id='word_1_214' title='bbox 1048 2726 1150 2818; x_wconf 76' lang='grc' dir='ltr'><strong><em>ἀλλή-</em></strong></span> 
     </span>
    </p>
   </div>
   <div class='ocr_carea' id='block_1_4' title="bbox 130 2829 1148 2923">
    <p class='ocr_par' dir='ltr' id='par_1_4' title="bbox 130 2829 1148 2923">
     <span class='ocr_line' id='line_1_25' title="bbox 130 2829 1148 2923; baseline 0.007 -25"><span class='ocrx_word' id='word_1_215' title='bbox 130 2838 217 2918; x_wconf 93' lang='grc' dir='ltr'><strong><em>λοις,</em></strong></span> <span class='ocrx_word' id='word_1_216' title='bbox 248 2833 312 2899; x_wconf 81' lang='grc' dir='ltr'><strong><em>εἰσὶ</em></strong></span> <span class='ocrx_word' id='word_1_217' title='bbox 336 2831 374 2900; x_wconf 70' lang='grc' dir='ltr'><strong><em>δὲ</em></strong></span> <span class='ocrx_word' id='word_1_218' title='bbox 396 2833 452 2899; x_wconf 80' lang='grc' dir='ltr'><strong><em>καὶ</em></strong></span> <span class='ocrx_word' id='word_1_219' title='bbox 476 2837 512 2901; x_wconf 76' lang='grc' dir='ltr'><strong><em>οἱ</em></strong></span> <span class='ocrx_word' id='word_1_220' title='bbox 533 2840 610 2918; x_wconf 91' lang='grc' dir='ltr'><strong><em>ΕΘ,</em></strong></span> <span class='ocrx_word' id='word_1_221' title='bbox 629 2839 691 2900; x_wconf 93' lang='grc' dir='ltr'><strong><em>ΘΖ</em></strong></span> <span class='ocrx_word' id='word_1_222' title='bbox 721 2829 862 2921; x_wconf 78' lang='grc' dir='ltr'><strong><em>ἀριθμοὶ</em></strong></span> <span class='ocrx_word' id='word_1_223' title='bbox 887 2842 954 2902; x_wconf 77' lang='grc' dir='ltr'><strong><em>ἴσοι</em></strong></span> <span class='ocrx_word' id='word_1_224' title='bbox 977 2833 1148 2923; x_wconf 81' lang='grc' dir='ltr'><strong><em>ἀλλήλοις,</em></strong></span> 
     </span>
    </p>
   </div>
   <div class='ocr_carea' id='block_1_5' title="bbox 203 3006 1148 3138">
    <p class='ocr_par' dir='ltr' id='par_1_5' title="bbox 203 3006 1148 3138">
     <span class='ocr_line' id='line_1_26' title="bbox 203 3006 1148 3138; baseline 0.004 -74"><span class='ocrx_word' id='word_1_225' title='bbox 203 3017 226 3066; x_wconf 91' lang='grc'><strong><em>1.</em></strong></span> <span class='ocrx_word' id='word_1_226' title='bbox 247 3011 315 3138; x_wconf 46' lang='lat' dir='ltr'><strong><em>mx}</em></strong></span> <span class='ocrx_word' id='word_1_227' title='bbox 333 3013 392 3064; x_wconf 85' lang='grc' dir='ltr'><strong><em>ΔΓ</em></strong></span> <span class='ocrx_word' id='word_1_228' title='bbox 407 3009 465 3065; x_wconf 81' lang='lat' dir='ltr'><strong><em>BF.</em></strong></span> <span class='ocrx_word' id='word_1_229' title='bbox 534 3006 1027 3082; x_wconf 64' lang='grc' dir='ltr'><strong><em>δέΠοοηοκᾶήςὸήΡΒΕρ.</em></strong></span> <span class='ocrx_word' id='word_1_230' title='bbox 1092 3011 1148 3082; x_wconf 76' lang='grc' dir='ltr'><strong><em>μὲν</em></strong></span> 
     </span>
    </p>
   </div>
   <div class='ocr_carea' id='block_1_6' title="bbox 126 3076 1146 3578">
    <p class='ocr_par' dir='ltr' id='par_1_6' title="bbox 126 3076 1146 3578">
     <span class='ocr_line' id='line_1_27' title="bbox 129 3076 1146 3168; baseline 0.001 -30"><span class='ocrx_word' id='word_1_231' title='bbox 129 3076 162 3168; x_wconf 81' lang='grc' dir='ltr'><strong><em>ὃ]</em></strong></span> <span class='ocrx_word' id='word_1_232' title='bbox 182 3076 197 3137; x_wconf 89' lang='lat'><em>5</em></span> <span class='ocrx_word' id='word_1_233' title='bbox 219 3080 271 3152; x_wconf 78' lang='grc' dir='ltr'><strong><em>μέν</em></strong></span> <span class='ocrx_word' id='word_1_234' title='bbox 318 3126 324 3138; x_wconf 90' lang='grc'><strong><em>.</em></strong></span> <span class='ocrx_word' id='word_1_235' title='bbox 396 3085 472 3149; x_wconf 88' lang='grc' dir='ltr'><strong><em>ΜΚ,</em></strong></span> <span class='ocrx_word' id='word_1_236' title='bbox 492 3082 569 3152; x_wconf 83' lang='grc' dir='ltr'><strong><em>ΝΘ]</em></strong></span> <span class='ocrx_word' id='word_1_237' title='bbox 592 3081 692 3136; x_wconf 67' lang='grc' dir='ltr'><strong><em>ωπλιιλ.</em></strong></span> <span class='ocrx_word' id='word_1_238' title='bbox 711 3080 742 3135; x_wconf 86' lang='lat' dir='ltr'><strong><em>in</em></strong></span> <span class='ocrx_word' id='word_1_239' title='bbox 760 3083 839 3149; x_wconf 88' lang='grc' dir='ltr'><strong><em>ΗΜ,</em></strong></span> <span class='ocrx_word' id='word_1_240' title='bbox 858 3085 922 3136; x_wconf 90' lang='grc' dir='ltr'><strong><em>ΚΝ</em></strong></span> <span class='ocrx_word' id='word_1_241' title='bbox 937 3100 973 3136; x_wconf 92' lang='lat' dir='ltr'><strong><em>m.</em></strong></span> <span class='ocrx_word' id='word_1_242' title='bbox 994 3089 1011 3138; x_wconf 78' lang='lat'>2</span> <span class='ocrx_word' id='word_1_243' title='bbox 1029 3081 1068 3151; x_wconf 81' lang='lat' dir='ltr'><strong><em>V3</em></strong></span> <span class='ocrx_word' id='word_1_244' title='bbox 1086 3087 1146 3139; x_wconf 82' lang='grc' dir='ltr'><strong><em>λοι·</em></strong></span> 
     </span>
     <span class='ocr_line' id='line_1_28' title="bbox 128 3145 1145 3229; baseline 0.002 -22"><span class='ocrx_word' id='word_1_245' title='bbox 128 3172 182 3216; x_wconf 85' lang='grc' dir='ltr'><strong><em>τιος</em></strong></span> <span class='ocrx_word' id='word_1_246' title='bbox 200 3150 256 3223; x_wconf 73' lang='grc' dir='ltr'><strong><em>ἄρα</em></strong></span> <span class='ocrx_word' id='word_1_247' title='bbox 275 3149 290 3209; x_wconf 88' lang='lat'><em>5</em></span> <span class='ocrx_word' id='word_1_248' title='bbox 310 3157 386 3222; x_wconf 84' lang='lat' dir='ltr'><strong><em>MK,</em></strong></span> <span class='ocrx_word' id='word_1_249' title='bbox 406 3154 467 3207; x_wconf 91' lang='grc' dir='ltr'><strong><em>ΝΘ</em></strong></span> <span class='ocrx_word' id='word_1_250' title='bbox 485 3153 523 3223; x_wconf 82' lang='grc' dir='ltr'><strong><em>τῷ</em></strong></span> <span class='ocrx_word' id='word_1_251' title='bbox 543 3155 595 3206; x_wconf 89' lang='grc' dir='ltr'><strong><em>ΕΒ</em></strong></span> <span class='ocrx_word' id='word_1_252' title='bbox 614 3153 673 3215; x_wconf 74' lang='grc' dir='ltr'><strong><em>ἴσος</em></strong></span> <span class='ocrx_word' id='word_1_253' title='bbox 692 3145 767 3206; x_wconf 82' lang='grc' dir='ltr'><strong><em>έστίυ</em></strong></span> <span class='ocrx_word' id='word_1_254' title='bbox 785 3168 842 3222; x_wconf 81' lang='lat' dir='ltr'><strong><em>mg.</em></strong></span> <span class='ocrx_word' id='word_1_255' title='bbox 861 3170 898 3208; x_wconf 90' lang='lat' dir='ltr'><strong><em>m.</em></strong></span> <span class='ocrx_word' id='word_1_256' title='bbox 918 3159 934 3208; x_wconf 79' lang='lat'>2</span> <span class='ocrx_word' id='word_1_257' title='bbox 954 3153 987 3207; x_wconf 91' lang='lat' dir='ltr'><strong><em>V.</em></strong></span> <span class='ocrx_word' id='word_1_258' title='bbox 1043 3160 1067 3208; x_wconf 82' lang='lat'><strong><em>2.</em></strong></span> <span class='ocrx_word' id='word_1_259' title='bbox 1087 3156 1145 3229; x_wconf 81' lang='grc' dir='ltr'><strong><em>τῷ]</em></strong></span> 
     </span>
     <span class='ocr_line' id='line_1_29' title="bbox 129 3222 1144 3296; baseline 0.001 -18"><span class='ocrx_word' id='word_1_260' title='bbox 129 3239 232 3278; x_wconf 83' lang='lat' dir='ltr'>ecorr.</span> <span class='ocrx_word' id='word_1_261' title='bbox 251 3243 287 3280; x_wconf 83' lang='lat' dir='ltr'><strong><em>m.</em></strong></span> <span class='ocrx_word' id='word_1_262' title='bbox 308 3232 321 3278; x_wconf 93' lang='lat'>1</span> <span class='ocrx_word' id='word_1_263' title='bbox 342 3223 372 3280; x_wconf 72' lang='lat' dir='ltr'><strong><em>P.</em></strong></span> <span class='ocrx_word' id='word_1_264' title='bbox 427 3224 497 3294; x_wconf 91' lang='grc' dir='ltr'><strong><em>ΕΒ]</em></strong></span> <span class='ocrx_word' id='word_1_265' title='bbox 517 3225 569 3277; x_wconf 89' lang='grc' dir='ltr'><strong><em>ΒΕ</em></strong></span> <span class='ocrx_word' id='word_1_266' title='bbox 588 3222 669 3279; x_wconf 89' lang='lat' dir='ltr'><strong><em>Vm.</em></strong></span> <span class='ocrx_word' id='word_1_267' title='bbox 691 3229 718 3291; x_wconf 87' lang='lat'><strong><em>1,</em></strong></span> <span class='ocrx_word' id='word_1_268' title='bbox 738 3225 791 3276; x_wconf 84' lang='grc' dir='ltr'><strong><em>ΑΕ</em></strong></span> <span class='ocrx_word' id='word_1_269' title='bbox 809 3241 846 3276; x_wconf 89' lang='lat' dir='ltr'><strong><em>m.</em></strong></span> <span class='ocrx_word' id='word_1_270' title='bbox 866 3230 890 3278; x_wconf 82' lang='lat'><strong><em>2.</em></strong></span> <span class='ocrx_word' id='word_1_271' title='bbox 947 3224 1023 3296; x_wconf 92' lang='grc' dir='ltr'><strong><em>ΘΗ]</em></strong></span> <span class='ocrx_word' id='word_1_272' title='bbox 1041 3226 1144 3296; x_wconf 73' lang='grc' dir='ltr'>ΘΝΡ.</span> 
     </span>
     <span class='ocr_line' id='line_1_30' title="bbox 128 3294 1144 3365; baseline 0.006 -19"><span class='ocrx_word' id='word_1_273' title='bbox 128 3295 196 3363; x_wconf 87' lang='lat' dir='ltr'><strong><em>BA]</em></strong></span> <span class='ocrx_word' id='word_1_274' title='bbox 216 3297 314 3350; x_wconf 77' lang='lat' dir='ltr'><strong>mutat,</strong></span> <span class='ocrx_word' id='word_1_275' title='bbox 333 3295 364 3349; x_wconf 89' lang='lat' dir='ltr'><strong><em>in</em></strong></span> <span class='ocrx_word' id='word_1_276' title='bbox 381 3298 448 3349; x_wconf 86' lang='lat' dir='ltr'><strong><em>MK</em></strong></span> <span class='ocrx_word' id='word_1_277' title='bbox 463 3312 499 3349; x_wconf 90' lang='lat' dir='ltr'><strong><em>m.</em></strong></span> <span class='ocrx_word' id='word_1_278' title='bbox 519 3311 574 3350; x_wconf 79' lang='lat' dir='ltr'>rec.</span> <span class='ocrx_word' id='word_1_279' title='bbox 593 3312 620 3364; x_wconf 76' lang='lat' dir='ltr'><strong><em>p,</em></strong></span> <span class='ocrx_word' id='word_1_280' title='bbox 676 3301 701 3349; x_wconf 85' lang='grc'><strong><em>3.</em></strong></span> <span class='ocrx_word' id='word_1_281' title='bbox 723 3294 792 3365; x_wconf 92' lang='grc' dir='ltr'><strong><em>ΖΔ]</em></strong></span> <span class='ocrx_word' id='word_1_282' title='bbox 812 3311 881 3350; x_wconf 81' lang='lat' dir='ltr'><strong>corr.</strong></span> <span class='ocrx_word' id='word_1_283' title='bbox 901 3311 935 3349; x_wconf 86' lang='lat' dir='ltr'><strong><em>ex</em></strong></span> <span class='ocrx_word' id='word_1_284' title='bbox 953 3299 1006 3349; x_wconf 91' lang='grc' dir='ltr'><strong><em>ΔΖ</em></strong></span> <span class='ocrx_word' id='word_1_285' title='bbox 1024 3313 1061 3350; x_wconf 90' lang='lat' dir='ltr'><strong><em>m.</em></strong></span> <span class='ocrx_word' id='word_1_286' title='bbox 1076 3302 1093 3350; x_wconf 80' lang='lat'>2</span> <span class='ocrx_word' id='word_1_287' title='bbox 1109 3298 1144 3364; x_wconf 89' lang='lat' dir='ltr'><strong><em>V,</em></strong></span> 
     </span>
     <span class='ocr_line' id='line_1_31' title="bbox 129 3361 1145 3436; baseline 0.005 -19"><span class='ocrx_word' id='word_1_288' title='bbox 129 3370 154 3417; x_wconf 87' lang='lat' dir='ltr'><em>A</em></span> <span class='ocrx_word' id='word_1_289' title='bbox 161 3367 181 3416; x_wconf 92' lang='lat' dir='ltr'>Z</span> <span class='ocrx_word' id='word_1_290' title='bbox 198 3364 228 3416; x_wconf 88' lang='lat' dir='ltr'><strong><em>F.</em></strong></span> <span class='ocrx_word' id='word_1_291' title='bbox 301 3372 325 3421; x_wconf 85' lang='grc'><strong><em>6.</em></strong></span> <span class='ocrx_word' id='word_1_292' title='bbox 344 3365 414 3420; x_wconf 73' lang='lat' dir='ltr'>Post</span> <span class='ocrx_word' id='word_1_293' title='bbox 432 3364 527 3435; x_wconf 79' lang='grc' dir='ltr'><strong><em>ἕτερος</em></strong></span> <span class='ocrx_word' id='word_1_294' title='bbox 543 3382 598 3420; x_wconf 72' lang='grc' dir='ltr'><strong><em>τοι.</em></strong></span> <span class='ocrx_word' id='word_1_295' title='bbox 619 3370 634 3420; x_wconf 84' lang='lat'><em>5</em></span> <span class='ocrx_word' id='word_1_296' title='bbox 653 3363 719 3434; x_wconf 62' lang='lat' dir='ltr'>litt,</span> <span class='ocrx_word' id='word_1_297' title='bbox 738 3364 804 3419; x_wconf 86' lang='lat' dir='ltr'><strong>dein</strong></span> <span class='ocrx_word' id='word_1_298' title='bbox 817 3366 868 3419; x_wconf 80' lang='grc' dir='ltr'><strong><em>τοῦ</em></strong></span> <span class='ocrx_word' id='word_1_299' title='bbox 882 3361 995 3434; x_wconf 79' lang='grc' dir='ltr'><strong><em>πρώτου</em></strong></span> <span class='ocrx_word' id='word_1_300' title='bbox 1014 3368 1145 3436; x_wconf 78' lang='grc' dir='ltr'><strong><em>μείζονος</em></strong></span> 
     </span>
     <span class='ocr_line' id='line_1_32' title="bbox 127 3434 1144 3524; baseline 0.007 -37"><span class='ocrx_word' id='word_1_301' title='bbox 127 3434 177 3489; x_wconf 79' lang='grc' dir='ltr'><strong><em>τοῦ</em></strong></span> <span class='ocrx_word' id='word_1_302' title='bbox 198 3434 332 3504; x_wconf 79' lang='grc' dir='ltr'><strong><em>δευτέρου</em></strong></span> <span class='ocrx_word' id='word_1_303' title='bbox 351 3435 463 3505; x_wconf 76' lang='lat' dir='ltr'>punctis</span> <span class='ocrx_word' id='word_1_304' title='bbox 482 3436 536 3491; x_wconf 80' lang='lat' dir='ltr'><strong>del.</strong></span> <span class='ocrx_word' id='word_1_305' title='bbox 555 3437 590 3503; x_wconf 74' lang='lat'><strong><em>1¹¹3</em></strong></span> <span class='ocrx_word' id='word_1_306' title='bbox 609 3437 701 3491; x_wconf 57' lang='lat' dir='ltr'><strong>ffiotam</strong></span> <span class='ocrx_word' id='word_1_307' title='bbox 723 3436 851 3524; x_wconf 56' lang='lat' dir='ltr'>grotasin</span> <span class='ocrx_word' id='word_1_308' title='bbox 869 3437 922 3505; x_wconf 73' lang='grc' dir='ltr'><strong><em>ίλο,</em></strong></span> <span class='ocrx_word' id='word_1_309' title='bbox 947 3440 980 3492; x_wconf 75' lang='lat' dir='ltr'><strong><em>ut</em></strong></span> <span class='ocrx_word' id='word_1_310' title='bbox 997 3438 1074 3507; x_wconf 82' lang='lat' dir='ltr'>apud</span> <span class='ocrx_word' id='word_1_311' title='bbox 1092 3455 1144 3494; x_wconf 81' lang='lat' dir='ltr'><strong><em>nos</em></strong></span> 
     </span>
     <span class='ocr_line' id='line_1_33' title="bbox 126 3505 1143 3578; baseline 0.005 -19"><span class='ocrx_word' id='word_1_312' title='bbox 126 3505 246 3576; x_wconf 80' lang='lat' dir='ltr'>legitur,</span> <span class='ocrx_word' id='word_1_313' title='bbox 263 3505 294 3559; x_wconf 87' lang='lat' dir='ltr'><strong><em>in</em></strong></span> <span class='ocrx_word' id='word_1_314' title='bbox 311 3525 367 3577; x_wconf 82' lang='lat' dir='ltr'><strong><em>mg.</em></strong></span> <span class='ocrx_word' id='word_1_315' title='bbox 387 3506 492 3577; x_wconf 75' lang='lat' dir='ltr'><strong>repetit</strong></span> <span class='ocrx_word' id='word_1_316' title='bbox 509 3525 546 3561; x_wconf 85' lang='lat' dir='ltr'><strong><em>m.</em></strong></span> <span class='ocrx_word' id='word_1_317' title='bbox 567 3515 591 3563; x_wconf 78' lang='lat'><strong><em>2.</em></strong></span> <span class='ocrx_word' id='word_1_318' title='bbox 679 3513 703 3562; x_wconf 79' lang='lat'><strong><em>7.</em></strong></span> <span class='ocrx_word' id='word_1_319' title='bbox 723 3507 758 3578; x_wconf 80' lang='grc' dir='ltr'><strong><em>ρ]</em></strong></span> <span class='ocrx_word' id='word_1_320' title='bbox 778 3507 812 3572; x_wconf 84' lang='grc' dir='ltr'><strong><em>Ρ;</em></strong></span> <span class='ocrx_word' id='word_1_321' title='bbox 836 3524 891 3564; x_wconf 88' lang='lat' dir='ltr'><strong><em>om.</em></strong></span> <span class='ocrx_word' id='word_1_322' title='bbox 915 3508 1028 3578; x_wconf 83' lang='lat' dir='ltr'><strong>BFVp.</strong></span> <span class='ocrx_word' id='word_1_323' title='bbox 1117 3515 1143 3564; x_wconf 85' lang='lat'><strong><em>9.</em></strong></span> 
     </span>
    </p>
   </div>
   <div class='ocr_carea' id='block_1_7' title="bbox 0 0 1228 3938">
    <p class='ocr_par' dir='ltr' id='par_1_7' title="bbox 0 0 1228 3938">
     <span class='ocr_line' id='line_1_34' title="bbox 0 0 1228 3938; baseline 0 4"><span class='ocrx_word' id='word_1_324' title='bbox 0 0 1228 3938; x_wconf 95' lang='lat' dir='ltr'><strong><em> </em></strong></span> 
     </span>
    </p>
   </div>
  </div>
 </body>
</html>
