2446 3938
153 187 218 253 308
532 189 733 242 Στοιπεωο·
751 182 792 253 η’.

221 330 317 415 Λέγω
346 329 404 416 δή,
432 330 484 397 ὅτι
510 330 564 396 καί
595 326 613 396 5
636 336 668 395 A
691 328 775 416 πρὸς
800 325 863 395 τὸν
890 334 918 394 Β
946 334 1175 415 τριπλασίονι

153 435 258 522 λόγον
286 440 352 522 ἔχει
379 434 463 522 ἤπερ
491 433 510 503 5
534 440 568 502 Γ
590 432 673 521 πρὸς
699 435 759 502 τὸν
784 442 824 502 A.
870 432 941 501 ἐπεὶ
964 432 1033 521 γὰρ
1058 436 1175 504 τέσσα-

154 569 209 629 ρες
232 540 374 630 ἀριθμοὶ
398 541 569 627 άνάλογόν
593 546 679 608 εἰσιν
703 543 738 609 ολ
759 550 805 627 A,
823 547 864 627 Θ,
884 547 927 626 Κ,
945 548 986 622 Β,
1011 538 1032 610 5
1056 550 1093 609 A
1111 541 1176 631 ἄρα

153 650 236 735 πρὸς
263 646 323 716 τὸν
351 656 380 716 Β
406 653 625 735 τριπλασίονα
653 647 757 734 λόγον
784 652 850 735 ἔχει
877 646 961 735 ἤπερ
985 643 1005 714 5
1032 657 1068 715 A
1092 650 1178 737 πρὸς

119 753 214 822 στὸν
242 762 278 822 Θ.
325 752 370 833 ὡς
398 754 435 821 δὲ
462 753 481 820 5
509 761 542 819 A
569 752 651 841 πρὸς
679 752 740 821 τὸν
768 761 811 837 Θ,
845 752 953 832 οὕτως
979 749 999 821 5
1033 759 1069 821 Γ
1092 754 1177 843 πρὸς

152 859 214 928 τὸν
237 868 271 927 A
277 882 284 897 ·
307 858 363 926 καὶ
387 857 405 926 5
427 868 459 926 A
479 858 573 946 [ἄρα]
593 858 676 945 πρὸς
693 857 754 926 τὸν
773 865 802 925 Β
820 863 1046 944 τριπλασίονα
1069 854 1177 947 λόγον

124 1050 129 1059 ¹
154 971 218 1054 ἔχει
242 965 327 1053 ἥπερ
347 962 366 1032 5
390 971 422 1032 Γ
439 965 523 1053 πρὸς
544 963 605 1033 τὸν
628 973 674 1032 A·
698 965 780 1053 ὅπερ
804 968 872 1032 ἔδει
894 965 1010 1045 δεῖξαι.

632 1151 688 1209 ιν.

218 1247 306 1317 Ἐάν
330 1240 427 1316 ὦσιν
451 1244 746 1333 ὁσοιδηποτοῦν
770 1245 937 1335 άριθμοί
961 1246 1055 1334 ἑξῆς
1080 1246 1181 1318 άνά-

103 1375 135 1422 10
154 1364 291 1441 λογον,
327 1354 391 1420 καί
433 1352 783 1433 πολλαπλασιάσας
823 1355 986 1433 ἕκαστος
1025 1355 1180 1426 ἑαυτὸν

153 1465 244 1547 ποιῇ
274 1486 378 1543 τινα,
416 1462 455 1527 οί
484 1458 696 1545 γενόμενοι
729 1460 766 1540 ἐξ
796 1456 926 1527 αὐτῶν
962 1455 1178 1549 ἀνάλογον

154 1570 326 1632 ἔσονται·
354 1564 419 1630 καὶ
443 1562 511 1632 ἐάν
536 1568 575 1632 οί
596 1566 633 1646 ἐξ
657 1563 778 1653 ἀρχῆς
804 1562 896 1644 τοὺς
923 1568 1182 1653 γενομένους

153 1669 573 1749 πολλαπλασιάσαντες
610 1674 759 1738 ποιῶσί
791 1695 917 1754 τινας,
954 1669 1022 1736 καὶ
1060 1670 1181 1743 αὐτοὶ

154 1774 354 1861 άνάλογον
387 1780 546 1843 ἔσονται
577 1776 655 1859 [καί
686 1774 747 1843 άεὶ
779 1774 869 1864 περὶ
899 1773 993 1855 τοὺς
1022 1774 1182 1867 άκρονς

103 1908 136 1956 15
154 1885 271 1949 τοῦτο
301 1886 536 1968 σνμβαίνει].

213 1986 388 2056 Ἔστωσαν
419 1985 602 2056 ὁποσοιοῦν
635 1985 778 2074 ἀριθμοὶ
810 1989 884 2074 ἑξῆς
913 1985 1111 2078 ἀνάλογον,
1149 1998 1184 2062 οί

154 2103 202 2178 A,
221 2100 265 2179 Β,
285 2099 327 2179 Γ,
351 2093 396 2173 ὡς
419 2090 437 2160 5
462 2102 494 2159 A
515 2091 599 2182 πρὸς
622 2091 682 2160 τὸν
705 2100 749 2178 Β,
779 2093 885 2172 οὕτως
908 2090 926 2160 5
950 2100 979 2160 Β
1002 2094 1095 2183 πρὸς
1119 2098 1182 2168 τὸν

155 2205 197 2284 Γ,
230 2199 286 2266 καὶ
317 2201 352 2265 oc
373 2206 420 2284 A,
440 2206 483 2284 Β,
504 2204 537 2265 Γ
559 2195 698 2277 ἑαυτοὺς
725 2196 787 2284 μὲν
819 2202 1182 2285 πολλαπλασιάσαντες

154 2303 234 2384 τοὺς
261 2312 309 2388 A,
328 2311 420 2389 E,Z
449 2310 664 2390 ποιείτωσαν,
692 2303 771 2384 τοὺς
799 2303 836 2371 δὲ
860 2312 907 2389 A,
926 2311 971 2391 Ε,
992 2313 1019 2372 Ζ
1049 2318 1182 2380 πολλα-

103 2437 137 2487 20
157 2411 398 2488 πλασιάσαντες
419 2407 499 2489 τοὺς
522 2415 567 2495 Η,
586 2417 624 2495 Θ,
644 2416 679 2477 Κ
700 2414 912 2477 ποιείτωσαν·
937 2411 1035 2496 λέγω,
1063 2414 1120 2483 ὅτι
1146 2420 1184 2485 οῗ

155 2542 189 2583 τε
214 2525 256 2600 A,
277 2521 317 2600 Ε,
337 2522 365 2581 Ζ
387 2515 442 2582 καί
467 2519 501 2583 οί
522 2523 567 2601 H,
586 2522 625 2602 Θ,
645 2522 680 2583 Κ
702 2515 777 2601 ἑξῆς
801 2512 971 2602 ἀνάλογόν
995 2515 1096 2587 ε’ίσιν.

215 2621 252 2687 Ὁ
275 2619 336 2706 μὲν
359 2619 423 2709 γὰρ
446 2630 479 2688 Α
501 2619 561 2688 τὸν
580 2628 608 2688 Β
627 2621 919 2702 πολλαπλασιάσας
936 2620 996 2690 τὸν
1015 2631 1049 2690 Λ
1068 2635 1179 2697 ποιεί-

154 2752 217 2810 τω,
249 2725 404 2814 ἑκάτερος
432 2725 470 2793 δὲ
500 2730 569 2793 τῶν
599 2734 692 2812 Α,Β
724 2726 784 2795 τὸν
812 2734 843 2794 Λ
874 2731 1178 2814 πολλαπλασιάσας

156 2831 315 2918 ἑκάτερον
338 2836 406 2900 τῶν
429 2839 483 2917 Μ,
502 2839 542 2899 Ν
560 2838 704 2901 ποιείτω.
740 2833 794 2900 καὶ
819 2833 920 2902 πάλιν
941 2834 959 2902 5
980 2833 1043 2921 μὲν
1062 2843 1092 2903 Β
1113 2837 1176 2908 τὸν

103 2965 137 3014 25
157 2942 190 3004 Γ
203 2937 493 3017 πολλαπλασιάσας
512 2936 573 3004 τὸν
591 2940 622 3014 ,Ξ
642 2944 786 3023 ποιείτω,
810 2940 963 3025 ἑκάτερος
982 2940 1020 3007 δὲ
1037 2946 1110 3010 τῶν
1133 2950 1175 3030 Β,

157 3047 189 3109 Γ
206 3040 267 3109 τὸν
289 3042 627 3123 Ξπολλαπλασιάσας
646 3042 803 3132 ἑκάτερον
820 3049 889 3113 τῶν
912 3050 951 3130 O,
970 3053 1009 3111 Π
1023 3054 1176 3119 ποιείτω.

155 3173 232 3180 ’.-

229 3227 252 3275 1.
272 3219 467 3291 τριπλασίονα]
485 3239 531 3288 τρ-
550 3234 565 3272 e
585 3235 654 3275 corr.
674 3221 708 3274 V.
800 3226 823 3274 5.
844 3218 882 3283 ὡς
900 3217 932 3275 δὲ
952 3216 967 3275 5
987 3225 1009 3274 A
1028 3219 1101 3297 πρὸς
1121 3222 1176 3281 τὸν

158 3292 198 3361 Θ]
218 3309 274 3359 mg.
295 3311 324 3358 φ.
390 3297 413 3344 ὓ.
434 3287 502 3362 ἄρα]
522 3307 575 3344 om.
595 3289 625 3358 P,
644 3291 767 3345 ΜΒ.
834 3292 1053 3359 11.ποιει“λίφ.
1091 3314 1177 3361 τινας

156 3361 218 3429 ίῳ.
277 3367 317 3415 12.
338 3361 504 3431 γινομένους
523 3361 555 3416 V.
614 3368 654 3417 13.
674 3362 792 3416 ποιῶσιν
815 3361 845 3416 Β.
901 3368 943 3417 22.
962 3358 1176 3423 z5vA-23:

156 3429 402 3553 πολλατὲλασιάσας
421 3429 459 3501 ἕ-]
479 3450 535 3502 mg.
555 3452 585 3501 φ.
659 3439 701 3487 26.
721 3433 788 3503 τῶν]
812 3429 863 3487 τόν
885 3433 916 3488 Ρ.
991 3433 1032 3504 O]
1057 3434 1090 3488 in
1116 3455 1176 3494 ras.

156 3508 228 3554 m.l
274 3544 280 3557 .

61 3646 128 3696 h
