2446 3938
139 181 204 245 114
517 181 718 233 ΣΤοΙΧεΙωΝ
737 179 777 234 ς’.

138 331 218 408 ΒΕ,
247 321 354 403 οὕτως
380 321 419 391 τὸ
448 328 513 389 ΑΒ
541 321 891 411 παραλληλόγραμμον
922 320 1006 410 πρὸς
1028 319 1067 389 τὸ
1094 328 1163 389 ΖΕ

138 429 502 518 παραλληλόγραμμον,
527 425 573 508 ώς
596 427 634 496 δὲ
656 426 677 515 ἡ
701 436 772 496 ΗΒ
795 425 879 513 πρὸς
900 424 965 515 τὴν
987 435 1068 514 ΒΖ,
1101 427 1158 496 οῧ·

138 562 202 615 τως
231 534 269 603 τὸ
297 541 363 603 ΒΓ
386 535 736 623 παραλληλόγραμμον
763 534 847 623 πρὸς
874 533 913 603 τὸ
939 541 1005 602 ΖΕ
1031 542 1159 622 παραλ-

138 640 392 730 ληλόγραμμον,
420 643 475 710 καί
505 639 549 721 ώς
579 639 705 728 ἄρατὸ
730 649 796 709 ΑΒ
819 640 904 730 πρὸς
926 639 964 710 τὸ
990 648 1070 727 ΖΕ,
1099 639 1160 710 οὕ-

103 764 119 813 5
138 773 202 827 τως
224 746 261 815 τὸ
285 756 351 816 ΒΓ
370 749 453 838 πρὸς
475 746 513 816 τὸ
539 755 614 814 ΖΕ·
638 755 715 815 ίσον
738 745 804 836 ἄρα
828 748 897 816 ἐστὶ
920 744 958 815 τὸ
983 753 1049 814 ΑΒ
1072 770 1159 835 παρ-

111 853 114 859 ’
138 853 419 943 αλληλόγραμμον
441 857 487 946 τῷ
512 859 578 921 ΒΓ
595 852 942 944 παραλληλογράμμῳ.

209 965 285 1029 Τών
308 959 374 1046 ἄρα
397 968 481 1027 ἰσων
503 985 539 1026 τε
561 957 617 1025 καί
641 961 831 1044 ἰσογωνίων
854 957 1157 1048 παραλληλογράμ-

138 1093 210 1153 μων
243 1065 531 1134 ἀντιπεπόνθασιν
569 1066 606 1131 αἰ
637 1065 777 1153 πλενραί
810 1067 847 1132 αἰ
878 1065 953 1152 περὶ
985 1062 1044 1144 τὰς
1078 1074 1155 1145 ἰσας

138 1179 275 1259 γωνίας·
305 1173 360 1238 καί
389 1165 437 1240 ὧν
466 1175 655 1257 ἰσογωνίων
678 1168 1038 1259 παραλληλογράμμων
1062 1168 1156 1238 ἄντι-

87 1295 120 1345 10
139 1278 351 1348 πεπόνθασιν
375 1281 412 1345 αἰ
432 1277 573 1363 πλευραί
596 1279 634 1343 αἰ
654 1278 730 1365 περί
752 1275 812 1356 τὰς
836 1285 910 1356 ίσας
932 1280 1073 1362 γωνίας,
1099 1285 1158 1344 ἰσα

140 1384 230 1452 ἐστὶν
254 1386 380 1452 ἐκεῖνα·
414 1380 495 1471 ὅπερ
519 1386 587 1450 ἔθει
611 1384 726 1463 δείξαι.

620 1585 672 1626 ιε.

211 1669 296 1733 Τών
327 1674 424 1733 ἰσων
454 1665 518 1731 καί
549 1670 645 1753 μίαν
668 1669 737 1753 μιᾷ
762 1674 854 1751 ίσην
878 1663 1053 1751 ἐχόντων
1082 1693 1159 1752 γω-

139 1777 233 1839 νίαν
272 1771 479 1860 τριγώνων
521 1769 871 1839 ἀντιπεπόνθασιν
913 1772 955 1837 αἰ
988 1775 1159 1861 πλευραί

88 1895 120 1945 15
140 1881 182 1944 αἰ
215 1879 306 1966 περὶ
341 1876 409 1959 τὰς
441 1887 528 1958 ἰσας
563 1883 722 1964 γωνίας·
773 1877 838 1945 καί
870 1867 925 1945 ών
957 1883 1053 1963 μίαν
1085 1883 1159 1969 μιᾷ

140 1991 234 2069 ἰσην
276 1984 452 2073 ἐχόντων
487 1989 639 2072 γωνίαν
674 1982 881 2072 τριγώνων
919 1979 1160 2052 ἀντιπεπόν-

139 2100 262 2159 θασιν
301 2095 344 2159 αἰ
377 2092 545 2179 πλευραί
583 2094 625 2159 αἰ
655 2090 744 2179 περὶ
775 2115 842 2170 τας
875 2098 963 2169 ἰσας
995 2095 1160 2178 γωνίας,

140 2205 205 2265 ἰσα
229 2199 339 2267 ἐστίν
363 2201 503 2267 ἐκεῖνα.

198 2303 306 2373 Ἔστω
331 2314 387 2372 ἰσα
410 2309 558 2392 τρίγωνα
580 2301 620 2368 τὰ
641 2308 750 2388 ΑΒΓ,
765 2311 797 2369 Α
803 2309 873 2369 ΛΕ
889 2307 971 2388 μίαν
994 2305 1053 2391 μιᾷ
1077 2310 1159 2390 ἰσην

87 2428 122 2477 20
142 2416 261 2497 ἔχοντα
288 2417 416 2497 γωνίαν
443 2407 505 2496 τὴν
533 2405 600 2476 ὑπὸ
626 2414 729 2477 ΒΑΓ
746 2412 786 2497 τῇ
814 2405 881 2476 ὑπὸ
905 2415 1023 2476 ΔΑΕ·
1057 2409 1157 2497 λέγω,

140 2517 191 2585 ότι
218 2521 287 2585 τών
315 2521 425 2601 ΑΒΓ,
444 2521 552 2582 ΑΛΒ
582 2513 758 2602 τριγώνων
796 2510 1085 2582 ἀντιπεπόνθασιν
1120 2518 1161 2583 αἰ

139 2625 280 2711 πλευραὶ
299 2626 337 2690 αἰ
353 2623 428 2710 περὶ
450 2620 510 2700 τὰς
532 2628 606 2699 ἰσας
629 2626 763 2706 γωνίας,
787 2621 970 2706 τουτέστιν,
991 2620 1042 2688 ότι
1061 2621 1157 2689 ἐστὶν

141 2727 186 2808 ώς
213 2727 233 2815 ἡ
258 2735 318 2796 ΓΑ
336 2725 420 2812 πρὸς
437 2723 499 2812 τὴν
519 2733 604 2812 ΑΛ,
629 2727 735 2807 οὕτως
757 2724 778 2813 ἡ
805 2734 872 2794 EA
889 2725 974 2814 πρὸς
993 2725 1056 2814 τὴν
1077 2735 1157 2796 AB.

206 2839 345 2901 Κείσθω
375 2832 441 2922 γὰρ
470 2830 553 2900 ὥστε
581 2828 630 2899 ἐπ’
661 2831 797 2912 εὐθείας
824 2829 912 2900 εἰναι
942 2829 1003 2918 τὴν
1027 2837 1092 2901 ΓΑ
1115 2838 1157 2922 τῇ

85 2948 225 3008 νσΑΔ·
257 2936 307 3007 ἐπ’
342 2936 478 3020 εὐθείας
505 2937 572 3028 ἄρα
606 2939 674 3007 ἐστὶ
704 2939 760 3006 καί
783 2935 804 3024 ἡ
827 2945 894 3005 ΒΑ
916 2941 957 3026 τῇ
981 2945 1056 3007 AB.
1098 2940 1158 3007 καὶ

141 3045 327 3134 ἐπεζεύχθω
351 3043 372 3132 ἡ
397 3054 426 3114 Β
433 3055 475 3116 Δ.

214 3232 237 3281 1.
256 3221 326 3292 πρὸς
344 3220 376 3278 τό
397 3255 430 3266 -
450 3231 480 3279 2:
500 3219 538 3286 ὡς
556 3222 606 3294 δέ]
625 3223 721 3279 insert.
740 3223 769 3278 in
788 3240 843 3278 ras.
862 3223 893 3277 F.
968 3230 993 3278 2.
1013 3226 1156 3291 παραλλη-

139 3291 318 3373 λόγραμμον]
331 3311 385 3349 om.
400 3295 434 3350 V.
507 3301 531 3349 3.
552 3297 603 3348 ΖΕ
617 3291 920 3384 παραλληλόγραμμον]
936 3295 971 3361 Ρ;
991 3297 1043 3348 ΖΕ
1057 3293 1158 3348 Theon

140 3366 277 3489 gssvvp).
352 3371 377 3420 ὅ.
398 3362 473 3420 ἐστίν
492 3365 522 3432 Ρ,
543 3382 632 3436 comp.
652 3384 680 3436 p.
754 3373 777 3420 7.
798 3368 866 3419 ἰσων
891 3385 950 3435 αρα
968 3384 996 3436 p.
1034 3364 1078 3435 τε]
1099 3381 1157 3420 om.

169 3455 198 3506 p.
271 3435 439 3524 ἰσογωνίων]
458 3435 577 3506 PBFp3
600 3435 630 3490 in
649 3438 671 3491 P
690 3453 843 3508 suprascr.
863 3453 899 3491 m.
920 3452 975 3491 reo.
1015 3437 1077 3505 ἰτην
1101 3455 1157 3504 γω·

140 3509 206 3562 νίαν
226 3509 295 3580 μίαν
314 3509 365 3582 μιᾷ
385 3503 520 3577 ἒχοντωνς
540 3509 608 3577 μίαν
627 3508 679 3582 μιᾷ
698 3511 762 3576 ἰσην
782 3503 905 3577 ἐχόντων
924 3508 1032 3576 γωνίαν
1050 3507 1085 3576 V,
1105 3507 1158 3562 sed
