2446 3938
135 187 201 252 254
513 188 715 241 ενοιεειαα
733 186 769 253 ς’.

134 325 156 415 ἢ
181 327 233 396 οὔ.
269 332 300 396 εἰ
322 327 383 415 μὲν
407 320 471 396 οὖν
492 330 529 396 ολ
549 337 592 414 A,
615 335 656 414 Β,
679 334 712 395 Γ
730 333 856 418 πρῶτοι
878 327 962 417 πρὸς
985 327 1160 417 ἀλλήλους

136 439 238 520 εἰσίν,
267 435 437 522 ἐλάχιστοί
463 440 528 502 εἰσι
555 438 626 503 τιόν
651 433 713 503 τὸν
740 433 845 503 αὐτὸν
873 434 977 522 λόγον
1005 434 1158 523 ἐχόντων.

19 544 25 552 ’
135 540 259 622 αὐτοῖς.
721 546 729 557 “

202 652 233 714 έί
255 647 293 715 δὲ
316 645 369 734 οὕ,
392 649 547 735 εἰλήφθω
570 651 638 716 τῶν
661 656 705 732 A,
727 655 768 733 Β,
791 653 823 714 Γ
841 644 880 722 τὸ
903 648 1061 733 μέγιστον
1083 674 1157 716 ιιοι-

100 768 115 816 5
135 751 198 821 νδν
221 754 343 842 με’τρον
368 751 386 823 6
403 763 446 837 Δ,
469 754 525 821 καὶ
548 751 665 834 ὁσάκις
683 751 702 822 6
717 761 751 820 A
770 755 910 821 ἕκαστον
929 756 997 822 τῶν
1011 762 1055 840 Α,
1070 761 1111 841 Β,
1128 761 1164 822 Γ

134 874 260 950 μετρεῖ,
287 864 447 928 τοσαῦται
469 860 613 947 μονάδες
636 865 785 928 ἔστωσαν
809 863 846 929 ἐν
870 860 995 953 ἑκάστῳ
1018 864 1088 928 τῶν
1113 866 1156 947 Ε,

135 975 173 1054 Ζ,
196 973 240 1034 Η.
289 969 346 1034 καὶ
373 969 510 1046 ἕκαστος
537 966 603 1055 άρα
625 969 694 1036 τῶν
717 974 762 1052 E,
787 973 830 1052 Ζ,
854 973 891 1032 Η
916 968 1056 1035 ἕκαστον
1084 969 1155 1035 τῶν

134 1083 181 1159 A,
205 1082 249 1157 Β,
272 1080 305 1141 Γ
327 1086 440 1161 μετρεῖ
464 1070 546 1141 κατά
573 1071 633 1152 τάς
661 1075 697 1140 ἐν
725 1075 770 1164 τῷ
795 1080 829 1138 Δ
851 1073 1010 1158 μονάδας.
1053 1075 1088 1139 οἱ
1112 1081 1154 1159 Ε,

134 1188 173 1266 Ζ,
191 1187 231 1247 Η
250 1179 315 1269 άρα
337 1179 417 1259 τοὺς
435 1188 478 1263 A,
496 1187 537 1263 Β,
556 1185 588 1246 Γ
607 1179 717 1258 ἰσάκις
735 1182 929 1266 μετροῦσιν·
955 1181 990 1245 οἱ
1006 1185 1047 1264 E,
1063 1185 1102 1266 Z,
1117 1186 1160 1246 H

82 1302 115 1350 10
134 1285 200 1374 άρα
222 1301 293 1365 τοῖς
311 1295 354 1372 A,
378 1294 417 1372 Β,
441 1291 474 1352 Γ
492 1287 530 1353 ἐν
552 1288 599 1376 τῷ
623 1282 714 1376 αὐτῷ
738 1285 828 1376 λόγῳ
852 1288 947 1352 εἰσίν.
984 1285 1071 1371 λέγω
1096 1287 1155 1372 δή,

135 1390 186 1461 ὅτι
213 1394 269 1459 καὶ
293 1393 469 1479 ἐλάχιστοι.
515 1396 545 1458 εἰ
567 1390 632 1479 γάρ
656 1393 702 1478 μή
726 1396 812 1459 εἰσιν
836 1394 872 1459 ολ
892 1399 933 1478 Ε,
957 1399 996 1476 Ζ,
1019 1399 1056 1459 Η
1078 1391 1155 1459 ἐλά-

134 1518 241 1586 χιστοι
267 1503 335 1567 τῶν
362 1496 423 1565 τὸν
451 1495 555 1565 αὐτὸν
579 1498 686 1584 λόγον
707 1499 855 1585 ἐχόντων
878 1511 949 1577 τοῖς
972 1505 1019 1584 A,
1043 1504 1088 1584 Β,
1113 1504 1155 1585 Γ,

74 1618 80 1629 “
134 1610 268 1672 ἔσονται
296 1609 410 1688 [τινες]
438 1607 507 1672 τιόν
535 1611 579 1690 Ε,
604 1611 647 1689 Ζ,
675 1610 716 1670 Η
738 1603 916 1683 ἐλάσσονες
943 1602 1086 1692 ἀριθμοὶ
1114 1607 1155 1673 ἐν

132 1714 179 1802 τῷ
203 1707 294 1803 αὐτῷ
323 1708 411 1801 λόγῳ
440 1711 534 1789 ὄντες
561 1723 631 1790 τοῖς
658 1718 704 1795 A,
729 1717 772 1797 Β,
794 1715 831 1778 Γ.
878 1713 1027 1776 ἔστωσαν
1056 1712 1091 1776 ολ
1112 1718 1154 1798 Θ,

82 1831 114 1880 15
133 1823 181 1903 K,
206 1823 250 1883 A·
287 1818 395 1896 ἰσάκις
424 1814 491 1906 άρα
520 1813 539 1884 6
568 1823 597 1883 Θ
625 1814 686 1884 τὸν
709 1825 742 1884 A
771 1829 885 1905 μετρεῖ
910 1816 967 1883 καὶ
998 1814 1156 1906 ἑκάτερος

133 1927 201 1991 τῶν
224 1930 263 2009 Κ,
288 1931 319 1990 A
342 1923 498 2010 ἑκάτερον
521 1926 590 1991 τῶν
613 1928 653 2006 Β,
676 1927 713 1989 Γ.
747 1919 862 2001 ὁσάκις
886 1921 923 1990 δὲ
948 1919 966 1989 6
987 1928 1016 1989 Θ
1037 1921 1099 1991 τὸν
1112 1926 1155 1991 'A

133 2042 254 2116 μετρεῖ,
276 2032 437 2097 τοσαῦται
459 2029 605 2114 μονάδες
628 2032 777 2095 ἔστωσαν
797 2030 833 2096 ἐν
851 2032 897 2119 τῷ
913 2035 965 2095 Μ·
1001 2029 1059 2095 καὶ
1078 2029 1153 2097 ἑκά-

132 2162 226 2223 τερος
249 2134 315 2223 άρα
337 2139 405 2203 τῶν
428 2142 472 2221 Κ,
496 2141 527 2202 A
551 2132 709 2222 ἑκάτερον
731 2139 799 2202 τῶν
818 2143 858 2221 Β,
882 2141 914 2201 Γ
932 2147 1046 2221 μετρεῖ
1065 2133 1153 2204 κατά

132 2243 191 2322 τὰς
218 2245 255 2310 ἐν
281 2245 328 2334 τῷ
352 2249 397 2309 Μ
418 2242 577 2328 μονάδας.
622 2241 687 2308 καὶ·
707 2243 777 2310 ἐπεὶ
805 2240 824 2310 6
849 2249 878 2310 Θ
899 2240 960 2310 τὸν
983 2251 1016 2310 A
1039 2256 1153 2330 μετρεῖ

80 2364 114 2414 20
132 2346 216 2415 κατὰ
239 2345 298 2426 τάς
322 2348 359 2413 ἐν
380 2349 427 2437 τῷ
446 2352 491 2412 Μ
508 2344 669 2432 μονάδας,
692 2347 749 2413 καὶ
772 2343 790 2414 6
811 2354 856 2414 M
873 2345 940 2434 άρα
962 2346 1024 2415 τὸν
1042 2356 1075 2415 A
1095 2374 1153 2434 με·

132 2464 205 2542 τρεῖ
229 2450 312 2521 κατά
339 2450 399 2530 τὰς
426 2453 463 2519 ἐν
485 2455 532 2543 τῷ
556 2459 585 2519 Θ
606 2451 765 2538 μονάδας.
807 2452 864 2521 διὰ
887 2451 928 2521 τά
952 2451 1038 2522 αὐτὰ
1062 2452 1105 2541 δὴ
1131 2453 1151 2523 6

132 2568 178 2628 M
199 2561 255 2627 καὶ
283 2558 440 2647 ἑκάτερον
468 2562 536 2626 τῶν
560 2566 604 2646 Β,
628 2566 661 2627 Γ
683 2572 797 2649 μετρεῖ
822 2559 905 2627 κατὰ
932 2558 992 2640 τάς
1015 2563 1052 2629 ἐν
1076 2561 1152 2629 ἕκα-

132 2668 216 2757 τέρῳ
244 2669 312 2734 τῶν
340 2672 389 2750 Κ,
413 2672 444 2732 A
471 2665 635 2752 μονάδας·
673 2663 692 2733 ὁ
722 2674 765 2734 Μ
787 2665 853 2756 ἄρα
880 2665 958 2747 τοὺς
981 2676 1029 2753 A,
1052 2675 1097 2753 B,
1121 2674 1157 2736 Γ

132 2785 251 2860 μετρεῖ.
296 2772 351 2838 καὶ
379 2772 449 2838 ἐπεὶ
476 2769 495 2839 6
519 2778 548 2838 Θ
575 2769 636 2839 τὸν
659 2780 692 2839 A
718 2786 833 2861 μετρεῖ
856 2771 1019 2854 κατάτάς
1042 2777 1151 2869 ἐντῷ

79 2898 113 2949 25
133 2885 178 2946 M
195 2876 359 2964 μονάδας,
389 2874 406 2946 6
431 2884 460 2944 Θ
482 2876 548 2966 άρα
571 2875 631 2944 τὸν
656 2885 700 2944 Μ
716 2879 1010 2960 πολλαπλασιάσας
1032 2877 1093 2948 τὸν
1116 2867 1151 2949 A

204 3116 229 3164 6.
249 3104 297 3180 ἒν]
317 3125 370 3164 om.
390 3107 419 3161 P.
494 3113 517 3162 ’1.
540 3103 668 3178 ἕκαστος]
689 3105 809 3162 ἕκαστον
826 3127 854 3179 p.
930 3115 971 3165 10.
990 3110 1062 3181 τοῖς]
1077 3125 1149 3165 corr.

22 3236 26 3243 ,
132 3199 166 3236 ex
184 3201 229 3236 τοι
247 3200 283 3236 m.
302 3197 357 3236 rec.
376 3180 406 3234 P.
445 3175 580 3246 εἰσίἾφ.
654 3184 695 3233 11.
715 3180 780 3250 καί]
801 3179 850 3233 καὶ
869 3177 899 3234 ολ
915 3198 943 3249 p.
1013 3186 1055 3234 12.
1073 3182 1147 3252 τοῖς]

133 3269 201 3308 corr.
222 3269 256 3307 ex
273 3271 317 3306 τοι
335 3270 371 3306 m.
392 3257 406 3304 1
427 3251 457 3304 P.
542 3255 582 3304 13.
603 3249 690 3336 τινες]
710 3267 764 3307 om.
783 3249 815 3305 P.
893 3256 935 3307 16.
956 3255 993 3319 Β,
1013 3252 1052 3322 Γ]
1073 3254 1105 3320 Γ,
1125 3257 1150 3305 Β

132 3340 201 3378 corr.
221 3339 254 3378 ex
273 3329 308 3392 A,
327 3328 349 3376 B
368 3340 404 3376 m.
426 3328 439 3375 1
459 3339 487 3390 p.
575 3321 625 3391 δέ]
646 3322 700 3410 δρλ
793 3326 835 3376 18.
853 3321 910 3376 τῶν
929 3327 964 3390 Β,
985 3322 1024 3392 Γ]
1043 3317 1094 3376 τὸν
1114 3325 1149 3392 Γ,

131 3397 153 3446 B
172 3412 199 3462 p.
272 3399 314 3447 20.
334 3392 372 3463 A]
394 3394 419 3447 Θ
436 3411 466 3461 p.
538 3397 580 3447 21.
601 3391 650 3446 καὶ
669 3411 683 3445 ο
704 3392 815 3461 quo.
