2446 3938
525 220 727 273 Σεοιεειεια
744 218 785 288 η’.

626 424 664 464 ε.

210 523 257 588 Οί
279 523 461 589 ἐπίπεδοι
489 520 659 609 ἀριθμοὶ
687 522 785 610 πρὸς
813 520 1008 608 ἀλλήλους
1036 525 1165 610 λόγον

141 631 277 713 ἔχουσι
300 627 369 696 τὸν
392 635 659 716 συγκείμενον
684 631 723 695 ἐκ
746 633 823 698 τῶν
846 633 1038 715 πλευρῶν.

198 733 373 802 Ἔστωσαν
397 738 546 804 ἐπίπεδοι
569 733 710 823 ἀριθμοὶ
735 738 770 803 ολ
791 744 838 819 A,
858 743 903 819 Β,
927 736 983 803 καὶ
1007 741 1069 804 τοῦ
1096 738 1164 824 μὲν

104 849 172 907 οΑ
199 841 339 924 πλευραὶ
371 845 520 909 ἔστωσαν
548 844 584 908 οί
608 847 651 927 Γ,
671 849 704 908 A
733 839 891 928 ἀριθμοί,
918 845 980 909 τοῦ
1009 841 1047 909 δὲ
1071 850 1102 910 Β
1128 847 1166 911 οί

140 954 185 1032 Ε,
205 955 245 1014 Ζ·
277 948 378 1032 λέγω,
411 946 463 1014 ότι
494 944 512 1014 6
540 957 572 1014 A
602 946 686 1036 πρὸς
713 947 774 1015 τὸν
803 955 831 1014 Β
864 946 968 1032 λόγον
997 951 1064 1034 ἔχει
1096 948 1162 1017 τόν

140 1059 359 1140 συγκείμενον
383 1056 419 1120 ἐκ
441 1057 510 1122 τῶν
532 1058 698 1137 πλευρῶν.

205 1160 330 1246 Λόγων
358 1159 422 1246 γάρ
451 1160 625 1227 δοθέντων
656 1163 717 1227 τοῦ
745 1186 779 1227 πε
810 1156 851 1227 όν
875 1164 941 1246 ἔχει
965 1156 982 1226 6
1012 1165 1045 1226 Γ
1073 1161 1164 1249 πρὸς

138 1264 200 1334 τὸν
232 1274 264 1334 Ε
288 1266 344 1334 καὶ
372 1263 391 1334 6
419 1273 453 1332 A
480 1265 565 1353 πρὸς
597 1266 659 1333 τόν
695 1273 721 1333 Ζ
757 1266 977 1352 εἰλήφθωσαν
1010 1264 1162 1353 άριθμολ

88 1387 120 1436 10
139 1372 212 1458 ἑξῆς
236 1371 403 1458 ἐλάχιστοι
426 1373 463 1439 ἐν
485 1386 554 1451 τοῖς
576 1378 608 1439 Γ
622 1379 666 1456 Ε,
690 1381 723 1439 Δ
743 1380 770 1439 Ζ
789 1370 912 1459 λόγοις,
935 1375 970 1440 οί
987 1379 1032 1459 Η,
1053 1380 1093 1459 Θ,
1115 1381 1162 1461 Κ,

139 1476 223 1544 ὥστε
256 1475 343 1544 εἶναι
373 1473 418 1556 ὡς
447 1477 509 1564 μὲν
538 1476 599 1546 τὸν
626 1485 659 1546 Γ
683 1477 768 1562 πρὸς
793 1477 857 1547 τὸυ
885 1486 929 1563 Ε,
958 1477 1065 1558 οὕτως
1094 1480 1163 1549 τόν

138 1590 178 1650 Η
203 1582 287 1669 πρὸς
313 1582 376 1650 τὸν
404 1591 447 1667 Θ,
479 1581 524 1664 ὥς
552 1584 589 1652 δὲ
616 1584 677 1652 τὸν
709 1593 741 1652 A
769 1583 853 1672 πρὸς
879 1583 940 1652 τόν
974 1592 1016 1669 Ζ,
1048 1583 1162 1667 οὕτως

138 1688 199 1756 τὸν
223 1696 251 1756 Θ
274 1688 359 1777 πρὸς
381 1688 441 1759 τὸν
464 1697 506 1758 K.
551 1691 608 1758 καὶ
632 1688 650 1759 6
676 1701 709 1758 A
731 1691 792 1759 τὸν
812 1699 844 1758 Ε
859 1691 1162 1774 πολλαπλασιάσας

138 1796 200 1862 τὸν
224 1803 254 1862 A
277 1802 421 1865 ποιείτω.

88 1920 120 1969 15
206 1903 274 1968 Καὶ
298 1902 368 1970 ἐπεὶ
391 1900 409 1970 6
434 1889 467 1970 A
493 1900 556 1970 τόν
584 1902 645 1989 μὲν
669 1909 701 1970 Γ
719 1903 1013 1984 πολλαπλασιάσας
1037 1905 1101 1971 τόυ
1126 1915 1162 1973 A

138 2013 328 2094 πεποίηκεν,
346 2006 407 2078 τὸν
423 2009 460 2076 66
478 2016 510 2076 Ε
525 2008 820 2088 πολλαπλασιάσας
832 2008 892 2078 τὸν
912 2016 943 2076 A
962 2016 1161 2098 πεποίηκεν,

138 2119 229 2182 ἔστιν
253 2112 319 2202 άρα
342 2111 388 2194 ὡς
411 2111 429 2182 6
453 2120 486 2182 Γ
504 2115 588 2204 πρὸς
610 2114 671 2184 τόν
693 2122 739 2200 Ε,
763 2115 869 2196 οὕτως
893 2113 911 2183 6
936 2126 968 2184 A
989 2115 1075 2201 πρὸς
1093 2117 1160 2186 τὸν

139 2227 177 2288 Λ.
215 2219 259 2300 ὡς
282 2221 319 2289 66
342 2219 359 2290 6
385 2226 417 2290 Γ
436 2220 522 2309 πρὸς
544 2221 606 2290 τὸν
629 2229 669 2307 Ε,
694 2219 800 2301 οὕτως
823 2219 842 2290 6
865 2229 905 2290 H
923 2223 1006 2307 πρὸς
1027 2223 1089 2292 τὸν
1111 2233 1160 2292 Θ·

137 2327 193 2394 καὶ
216 2325 261 2406 ὡς
288 2325 354 2413 άρα
382 2324 400 2394 6
432 2333 472 2394 H
494 2327 578 2414 πρὸς
600 2326 661 2396 τόν
686 2334 729 2414 Θ,
752 2327 860 2408 οὕτως
885 2325 904 2396 6
927 2338 960 2396 A
983 2327 1067 2416 πρὸς
1090 2330 1160 2399 τὸν

86 2451 120 2500 ευ
140 2440 180 2499 A.
225 2433 342 2518 πάλιν,
371 2434 440 2500 ἐπεὶ
468 2430 486 2500 6
515 2441 547 2500 Ε
572 2432 634 2501 τόν
663 2442 696 2500 A
723 2433 1015 2512 πολλαπλασιάσας
1037 2433 1100 2501 τόν
1126 2445 1161 2503 A

136 2544 329 2624 πεποίηκεν,
354 2536 438 2606 ἀλλὰ
462 2537 530 2625 μὴν
553 2540 610 2606 καλ
632 2539 693 2608 τὸν
717 2547 744 2607 Ζ
768 2540 1062 2619 πολλαπλασιάσας
1088 2541 1158 2610 τόν

135 2651 164 2711 Β
188 2650 383 2731 πεποίηκεν,
407 2649 498 2713 ἔστιν
522 2643 588 2731 άρα
612 2643 657 2725 ὡς
681 2644 699 2715 6
723 2655 757 2714 A
780 2646 865 2735 πρός
886 2645 949 2714 τόν
974 2654 1017 2731 Ζ,
1046 2644 1160 2728 οὕτως

137 2749 154 2818 6
179 2759 210 2818 A
233 2753 316 2839 πρὸς
338 2753 399 2820 τόν
422 2760 461 2821 Β.
506 2751 581 2822 ἀλλ’
614 2751 659 2834 ὡς
682 2751 700 2822 6
725 2762 758 2821 A
780 2753 865 2843 πρὸς
886 2753 948 2822 τὸν
973 2761 1015 2838 Ζ,
1044 2754 1158 2835 οὕτως

137 2855 154 2924 6
179 2864 208 2924 Θ
230 2854 314 2944 πρὸς
335 2857 395 2926 τὸν
418 2867 463 2927 Κ·
491 2860 548 2926 καὶ
578 2856 623 2938 ὥς
652 2860 717 2946 ἄρα
742 2857 759 2927 6
785 2866 814 2926 Θ
836 2858 921 2946 πρὸς
942 2858 1004 2927 τὸν
1028 2867 1071 2944 Κ,
1096 2862 1157 2928 06¹·

83 2978 117 3027 25
137 2990 201 3042 τως
224 2960 242 3031 6
267 2971 298 3032 A
320 2964 404 3051 πρὸς
426 2964 486 3033 τόν
510 2972 548 3031 B.
594 2967 729 3052 ἐδείχθη
758 2964 795 3031 δὲ
818 2966 873 3032 καλ
898 2963 942 3045 ὡς
967 2962 985 3032 6
1009 2972 1048 3032 H
1067 2966 1157 3053 πρὸς

136 3068 198 3138 τὸν
222 3077 266 3156 Θ,
295 3068 402 3151 οὕτως
429 3068 447 3139 6
475 3080 507 3139 A
534 3069 618 3160 πρὸς
640 3068 700 3138 τὸν
724 3077 767 3138 Λ·
798 3068 947 3139 δι’·ίσου
971 3070 1038 3160 ἄρα
1060 3073 1157 3141 ἐστὶν

208 3282 233 3328 4
254 3277 393 3362 μεν]οω
413 3275 443 3327 Ρ
526 3281 551 3329 8
570 3269 757 3363 γα]αείφ
841 3280 883 3329 11.
902 3269 1051 3345 τὸνΗ]ό
1073 3275 1156 3333 ΗΡ.

139 3352 180 3400 12
199 3343 249 3400 τὸν
268 3341 342 3416 A]
330 3366 345 3399 ο
366 3343 440 3398 AP
507 3351 548 3400 13.
568 3342 652 3400 nalo
672 3351 746 3399 A—
763 3350 809 3399 14·
828 3345 957 3432 ποιείτω]
978 3362 1031 3399 om.
1037 3294 1209 3434 oTheoff‘j

137 3417 250 3501 (Βίῳ).
296 3432 393 3470 eorum
419 3415 482 3470 loco
511 3416 618 3471 habent
647 3416 742 3503 BV63
774 3413 804 3470 οί
829 3412 886 3502 ἄρα
910 3419 951 3482 Η,
972 3418 1011 3482 Θ,
1030 3420 1059 3470 K
1079 3414 1156 3484 πρὸς
1204 3428 1210 3452 ¹

135 3482 277 3572 ἀλλήλους
289 3485 392 3572 ἔχουσι
403 3483 470 3547 τούς
488 3486 545 3539 τῶν
565 3489 692 3556 πλευράν
710 3483 820 3571 λόγους.
858 3481 951 3542 ἄλλ’
938 3488 1022 3541 οτοῦ
1038 3491 1069 3541 Η
1065 3487 1158 3574 Νπρὸς

134 3555 184 3611 τὸν
202 3561 230 3611 K
246 3554 328 3626 λόγος
347 3553 492 3625 σύγκειται
511 3551 544 3610 ἐκ
562 3558 613 3611 τοῦ
633 3559 684 3612 τοῦ
703 3560 732 3610 H
750 3553 820 3625 πρὸς
839 3553 891 3610 τόν
912 3559 936 3612 Θ
955 3558 1004 3613 κοιλ
1026 3559 1077 3613 τοῦ
1098 3563 1155 3615 τοῦ
