2446 3938
368 180 642 232 uuuururoruu
658 183 768 232 muru
785 183 846 233 vu.
1049 179 1114 243 209

101 328 165 389 EB
197 322 314 407 reliqui
341 328 408 387 ΖΔ
436 324 565 389 easdem
594 328 705 409 paries
734 346 817 408 esse,
846 346 928 410 quae
956 325 1000 389 sit
1026 329 1115 390 totus

101 435 166 495 AB
181 431 292 495 'totius
316 433 386 496 ΓΔ.

167 541 308 622 ponatur
331 538 417 603 enim
440 542 509 603 ΗΘ
523 569 565 591 =
580 543 656 603 AB.
702 539 814 621 itaque
837 559 919 621 quae
937 542 1047 620 peries
1066 543 1116 603 est

101 646 169 707 ΗΘ
191 645 320 723 numeri
344 647 420 726 ΓΛ,
449 644 579 709 eaedem
607 647 659 708 esi
687 644 786 707 eiiam
808 647 878 708 AE
898 645 1024 708 numeri
1048 648 1116 710 ΓΖ.

102 749 266 814 diuidatur
295 754 364 815 ΗΘ
390 751 425 815 in
452 753 540 832 HK,
564 754 631 814 ΚΘ
662 753 771 833 partes
803 751 930 815 numeri
958 753 1028 834 ΓΔ,
1051 756 1120 815 ΑΕ

103 861 212 921 autem
235 858 270 922 in
293 860 374 940 AA,
394 861 463 921 AE
483 860 592 941 parles
615 858 743 922 numeri
767 860 835 922 ΓΖ.
881 858 991 942 itaque
1010 858 1118 922 multi·

103 1016 130 1066 Γ
327 1016 347 1066 Z
428 1019 454 1068 A
532 963 610 1027 ludo
625 985 835 1028 numerorum
849 967 934 1045 HK,
948 967 1015 1027 ΚΘ
1036 963 1118 1026 mul-

111 1085 114 1119 ·
330 1083 445 1120 1--1
531 1069 665 1134 titudini
701 1090 908 1134 numerorum
941 1074 1022 1151 ΑΛ,
1055 1073 1121 1134 AE

105 1157 365 1262 {siff—JK?
532 1176 677 1260 aequalis
702 1179 761 1240 esi.
802 1178 835 1239 elz
860 1176 1014 1260 quoniam
1036 1197 1119 1261 quae

103 1301 125 1350 A
180 1301 205 1350 Α
254 1299 280 1350 Ε
334 1299 356 1349 Β
552 1303 629 1364 pars
664 1287 714 1347 esi
750 1284 827 1346 HK
852 1283 980 1346 numeri
1012 1284 1096 1365 ΓΛ,

112 1366 343 1404 *—'—'-⁴
370 1364 376 1383 ⁸
532 1387 644 1452 eadem
670 1391 721 1453 esi
747 1392 815 1453 ΑΛ
837 1389 964 1452 numeri
989 1391 1063 1472 PZ,
1087 1393 1119 1454 et

104 1497 167 1560 ΓΛ
179 1507 214 1568 >
229 1497 300 1577 ΓΖ,
314 1494 377 1558 eril
391 1493 489 1559 eliam
503 1496 619 1568 HK>
629 1500 662 1559 A
668 1498 707 1560 A.
743 1499 885 1579 ponatur
899 1499 939 1558 H
939 1498 984 1559 M
989 1525 1031 1548 =
1043 1499 1075 1560 A
1080 1499 1119 1561 A.

103 1603 212 1686 itaque
246 1621 328 1685 quae
361 1622 438 1684 pars
471 1604 521 1664 esi
552 1605 628 1665 ΗΚ
657 1603 786 1693 numeri
818 1605 893 1685 ΓΛ,
926 1602 1039 1666 eadem
1071 1606 1121 1666 est

70 1715 83 1732 ⁸
104 1711 190 1773 HM
197 1707 325 1773 numeri
341 1709 410 1771 ΓΖ.
448 1728 547 1790 quare
562 1708 660 1776 etiam
675 1708 818 1791 reliquus
833 1710 912 1773 MK
922 1709 1040 1792 reliqui
1055 1713 1121 1772 ΖΔ

106 1813 217 1878 eadem
236 1835 313 1896 pars
334 1815 397 1896 esi,
416 1833 498 1895 quae
517 1815 607 1876 lotus
626 1815 701 1876 HK
716 1813 817 1877 totius
836 1815 899 1877 ΓΔ
918 1815 1023 1898 [prop.
1033 1813 1122 1895 VH}

106 1941 219 1984 rursus
243 1918 396 2002 quoniam
420 1939 501 2001 quae
524 1940 601 2000 pars
621 1922 671 1981 esi
689 1921 755 1982 ΚΘ
773 1919 900 2008 numeri
919 1923 990 2003 ΓΔ,
1009 1920 1121 1985 eadem

106 2029 157 2091 esi
176 2028 242 2090 EA
259 2025 387 2088 numeri
402 2026 472 2108 ΓΖ,
487 2027 520 2089 et
534 2026 597 2088 ΓΔ
605 2033 640 2098 >
652 2026 721 2106 ΓΖ,
736 2025 798 2088 erii
812 2025 911 2088 etiam
926 2029 994 2089 ΘΚ
1001 2035 1036 2098 >
1046 2030 1121 2106 ΕΛ.

105 2134 248 2217 ponatur
276 2133 353 2194 KN
364 2161 406 2182 =
421 2132 497 2195 EA.
547 2129 657 2214 itaque
686 2150 769 2212 quae
796 2151 872 2212 pars
901 2133 951 2194 esi
973 2133 1040 2194 ΚΘ
1065 2151 1122 2193 nu-

106 2239 187 2303 meri
210 2240 286 2321 ΓΛ,
314 2236 426 2300 eadem
454 2239 505 2301 esi
527 2239 605 2300 ΚΝ
623 2235 751 2300 numeri
780 2237 848 2299 ΓΖ.
898 2258 996 2320 quare
1025 2237 1123 2300 etiam

105 2346 249 2428 reliquus
273 2346 343 2406 ΝΘ
365 2342 482 2427 reliqui
505 2346 573 2406 ΖΔ
596 2341 709 2407 eadem
732 2363 808 2427 pars
832 2344 895 2426 esi,
923 2363 1006 2426 quae
1032 2345 1121 2407 totus

107 2454 174 2514 ΚΘ
197 2450 299 2514 lolius
328 2451 391 2512 ΓΛ
420 2450 526 2533 [prop.
544 2446 633 2530 Vll].
679 2448 972 2514 demonstrauimus
1001 2452 1121 2531 autem,

108 2577 177 2621 esse
201 2556 301 2621 eiiam
325 2555 487 2640 reliquum
506 2558 585 2620 MK
607 2554 723 2639 reliqui
743 2559 809 2618 ΖΔ
827 2553 961 2618 eandem
984 2559 1123 2639 partem,

108 2684 190 2746 quae
203 2665 294 2727 tolus
308 2665 383 2727 HK
394 2662 497 2727 totius
512 2662 556 2726 sii
570 2665 641 2727 ΓΔ.
679 2684 777 2746 quare
799 2662 899 2725 eiiam
914 2664 994 2726 MK
1003 2664 1044 2744 -l-
1055 2666 1123 2726 ΝΘ

108 2769 239 2832 eaedem
258 2771 368 2850 partes
389 2773 466 2833 suni
483 2769 611 2834 numeri
631 2772 709 2851 AZ,
729 2790 810 2852 quae
828 2771 917 2834 totus
932 2772 1006 2834 ΘΗ
1020 2769 1122 2833 totius

149 3016 191 3064 22.
211 3005 267 3080 ὧν]
289 3026 342 3064 om.
362 3026 395 3078 p,
415 3008 449 3065 ὄν
466 3011 502 3066 V.
555 3011 631 3083 HK]
651 3017 712 3066 KH
728 3014 759 3067 P.
814 3015 942 3085 23.PA]
964 3015 1123 3085 Arrvp.

109 3082 189 3153 MK]
209 3097 280 3136 eras.
299 3081 332 3136 V.
388 3083 464 3150 ΝΘ]
484 3098 553 3136 corr.
572 3098 607 3136 ex
626 3084 820 3152 ΗΘ111.2ρ.
875 3085 1123 3156 24.AZ]AZF;

110 3157 164 3206 ΖΔ
183 3153 239 3223 Vp.
315 3151 389 3223 ΘΗ]
409 3155 469 3206 ΗΘ
486 3152 572 3222 rvp.

164 3608 313 3660 Euclides,
329 3609 380 3650 edd.
390 3611 490 3659 Helberg
504 3612 526 3649 et
540 3610 630 3658 Menge.
658 3609 691 3649 Π.
932 3610 962 3654 14
