2446 3938
604 802 658 875 θ’.

610 968 654 1037 α’.

188 1093 276 1162 Ἐάν
309 1095 380 1164 δύο
417 1093 551 1182 ὅμοιοι
584 1096 767 1162 ἐπίπεδοι
797 1090 965 1181 άριθμολ
996 1100 1148 1161 πολλα-

125 1200 417 1281 πλασιάσαντες
435 1198 633 1286 ἀλλήλους
651 1202 798 1267 ποιῶσί
817 1224 921 1283 τινα,
940 1195 958 1266 ὁ
979 1197 1148 1285 γευόμε-

125 1335 194 1387 υος
217 1309 464 1392 τετράγωνος
489 1312 604 1373 ἔσται.

90 1425 107 1473 5
184 1411 358 1479 Ἔστωσαν
392 1409 454 1478 δύο
486 1408 597 1496 ὅμοιοι
626 1413 776 1478 ἐπίπεδοι
804 1408 945 1498 ἀριθμοὶ
974 1414 1009 1478 οί
1030 1420 1078 1498 A,
1105 1419 1147 1498 B,

126 1518 182 1584 καὶ
206 1515 224 1585 ὃ
243 1527 275 1583 Α
296 1516 358 1584 τὸυ
377 1523 405 1583 Β
428 1515 721 1597 πολλαπλασιάσας
743 1515 803 1584 τὸυ
822 1522 855 1584 Γ
872 1521 1020 1585 ποιείτω·
1046 1519 1147 1605 λέγω,

127 1620 175 1690 ὅτι
202 1619 220 1689 ὁ
244 1629 277 1689 Γ
294 1621 503 1711 τετράγωνός
526 1625 625 1692 ἐστιν.

188 1725 225 1793 Ὁ
252 1726 316 1816 γὰρ
341 1737 371 1796 A
390 1726 512 1797 ἑαυτὸν
535 1727 830 1807 πολλαπλασιάσας
852 1727 912 1796 τὸν
936 1737 970 1796 A
997 1736 1147 1800 ποιείτω.

127 1831 145 1901 ὁ
174 1842 207 1900 A
238 1833 304 1923 ἄρα
333 1834 541 1924 τετράγωνός
571 1838 671 1903 ἐστιν.
718 1835 788 1902 ἐπεὶ
819 1825 882 1902 οὖν
912 1831 931 1902 ὁ
959 1843 991 1901 Α
1020 1834 1147 1905 ἑαυτὸν

74 1963 108 2012 10
127 1940 189 2027 μὲν
212 1941 505 2022 πολλαπλασιάσας
527 1941 587 2010 τὸυ
606 1950 640 2009 A
662 1947 852 2028 πεποίηκεν,
875 1940 937 2008 τὸυ
961 1941 999 2009 δὲ
1017 1949 1046 2009 Β
1065 1951 1148 2010 πολ·

128 2047 356 2127 λαπλασιάσας
388 2046 448 2117 τὸν
477 2055 509 2116 Γ
536 2053 731 2134 πεποίηκεν,
765 2052 855 2114 ἔστιν
888 2043 954 2134 ἄρα
987 2043 1032 2126 ὡς
1065 2045 1083 2116 ὁ
1115 2059 1149 2116 Α

127 2153 211 2240 πρὸς
233 2153 293 2221 τὸν
312 2161 352 2239 Β,
379 2155 485 2234 οὕτως
509 2152 526 2222 ὁ
551 2162 585 2220 A
608 2153 693 2242 πρὸς
714 2155 776 2222 τὸν
797 2160 833 2222 Γ.
870 2155 927 2223 καὶ
951 2154 1020 2222 ἐπεὶ
1045 2156 1080 2221 οί
1102 2164 1148 2241 A,

128 2267 157 2326 Β
186 2258 298 2345 ὅμοιοι
327 2262 479 2327 ἐπίπεδοί
500 2265 586 2327 είσιυ
609 2257 766 2348 άριθμοί,
793 2263 860 2328 τῶν
884 2268 931 2344 Α,
955 2267 983 2327 Β
1007 2257 1074 2347 άρα
1098 2255 1150 2340 εἷς

128 2367 227 2452 μέσος
250 2364 421 2451 άυάλογου
445 2368 594 2452 ἐμπίπτει
617 2363 771 2454 ἀριθμός.
814 2364 872 2434 ἐὰν
897 2364 935 2432 δὲ
957 2363 1021 2432 δίο
1044 2361 1147 2452 άριθ-

74 2492 107 2541 15
128 2476 200 2558 μῶυ
233 2470 353 2558 μεταξὺ
384 2469 466 2539 κατά
499 2471 537 2539 τὸ
571 2472 708 2560 συυεχές
738 2471 909 2557 άυάλογου
938 2473 1148 2558 ἐμπίπτωσιν

128 2575 280 2666 ἀριθμοί,
305 2575 380 2645 ὅσοι
404 2581 450 2657 είς
469 2575 593 2657 αὐτοὺς
612 2581 824 2665 ἐμπίπτουσι,
846 2580 1004 2645 τοσοῦτοι
1021 2577 1078 2644 καὶ
1097 2583 1148 2658 είς

126 2682 205 2761 τοὺς
227 2681 288 2748 τὸν
312 2681 417 2750 αὐτὸν
441 2682 544 2768 λόγον
568 2687 715 2769 ἔχοντας·
763 2681 925 2750 ὥστεκαὶ
948 2687 1016 2750 τῶν
1041 2691 1091 2770 A,
1117 2691 1153 2752 Γ

128 2782 175 2866 εἷς
206 2788 305 2872 μέσος
337 2785 508 2875 άυάλογον
537 2789 686 2874 ἐμπίπτει
716 2786 871 2877 ἀριθμός.
911 2793 970 2855 καί
997 2790 1066 2856 ἐστι
1093 2815 1148 2858 τε-

126 2892 297 2980 τράγωνος
321 2889 338 2960 ὁ
364 2902 408 2959 A·
449 2892 656 2981 τετράγωνος
679 2891 746 2981 &ipa
769 2893 824 2961 καὶ
848 2890 865 2961 ὁ
891 2899 930 2960 Γ·
969 2892 1050 2980 ὅπερ
1075 2899 1148 2964 ἔδει

75 3022 109 3070 20
129 3002 243 3080 δείξαι

198 3175 251 3248 θ’]
276 3196 344 3232 οοιι.
370 3194 443 3247 exp
450 3175 509 3232 '.V
547 3178 616 3232 Ροιλ
640 3177 769 3245 titulum,
793 3179 857 3231 ante
859 3195 959 3265 prop
979 3177 1039 3232 Iin
1063 3178 1156 3234 textu

130 3247 268 3301 scholium
286 3249 478 3317 habenth,
497 3267 524 3303 u.
544 3266 608 3318 app.
701 3255 725 3304 9
750 3218 813 3304 ἐπεὶ
836 3239 906 3320 οὖν]
931 3248 980 3303 παλ
1000 3243 1067 3303 ἐπεί
1081 3249 1147 3317 Vp

132 3323 173 3371 10.
193 3319 261 3388 μέν]
283 3336 335 3374 om.
355 3318 386 3373 Β.
478 3319 548 3391 A]
540 3338 570 3373 ιιι
588 3337 640 3375 ras.
660 3319 691 3375 P.
728 3321 865 3408 πεποίηκε
885 3321 947 3388 Vp.
1040 3326 1082 3373 11.
1104 3321 1185 3393 Γ]

129 3388 271 3442 ίιιιοεΗΡ
329 3396 370 3443 14.
390 3388 591 3477 δι’]ιμμιιιιιι
606 3391 671 3445 2V.
710 3387 815 3460 μεταξύ
834 3386 1042 3462 άριθμῶυλίφ
1100 3397 1189 3447 16.

130 3452 262 3527 άριθμοί,
289 3454 350 3514 ὅσοι
374 3459 414 3522 είς
439 3456 544 3523 αὐτους
567 3457 752 3533 ἐμπίπτουσι]
782 3479 838 3531 mg.
862 3480 899 3517 m.
932 3461 1003 3516 213.
1103 3468 1147 3518 17.

61 3598 139 3640 'ha
