2446 3938
85 169 90 178 ’
134 179 200 243 162
515 179 718 232 ΣΤΟῙΧΕΙΩΝ
737 173 778 231 ς’.

612 398 677 458 αὴ.

203 493 315 585 Παρὰ
352 495 423 582 τὴυ
462 500 658 565 δοθεῖσαν
697 493 864 564 εὐθεῖαν
901 500 951 588 τῷ
991 498 1153 564 δοθέντι

136 599 405 694 εὐθυγράμμῳ
448 611 537 672 ῖσου
578 602 995 690 παραλληλόγραμμον
1033 625 1156 688 παρα-

136 715 273 794 βαλεῖν
293 709 478 777 ἐλλεῖπον
498 713 598 777 εῖδει
617 707 1015 798 παραλληλογράμμῳ
1032 705 1154 798 ὁμοίῳ

100 819 184 906 οτῳ
210 815 387 883 δοθέντι·
413 820 475 883 δεῖ
497 815 539 883 δέ
562 813 603 882 τὸ
624 813 843 901 διδόμενον
862 813 1155 901 εὐθύγραμμον

136 913 177 1011 [ᾧ
206 925 268 988 δεῖ
293 929 384 989 ἴσον
412 906 674 1010 παραβαλεῖν]
704 920 752 1008 μὴ
782 927 916 1006 μεῖζον
945 919 1051 989 εἶναι
1083 920 1156 989 τοῦ

91 1038 94 1044 ’
134 1023 207 1094 ἀπὸ
241 1031 308 1113 τῆς
340 1025 523 1114 ἡμισείας
556 1025 894 1114 ἀναγραφομένου
929 1024 1072 1114 ὁμοίου
1103 1032 1154 1120 τῷ

70 1177 79 1207 x
135 1135 365 1220 ἐλλείμματι
390 1137 473 1216 [τοῦ
497 1160 536 1201 τε
559 1131 634 1200 ἀπὸ
659 1137 726 1218 τῆς
750 1130 934 1220 ἡμισείας
956 1135 1022 1202 καὶ
1045 1125 1073 1225 ςὸ
1093 1139 1156 1203 δεῖ

135 1238 280 1325 ὅμοιον
305 1242 529 1322 ἐλλείπειυ].

84 1365 116 1413 10
194 1344 302 1413 Ἔστω
327 1343 347 1432 ἡ
372 1345 434 1431 μὲν
459 1349 601 1412 δοθεῖσα
625 1343 744 1413 εὐθεῖα
766 1344 787 1432 ἡ
811 1354 892 1432 ΑΒ,
922 1344 960 1414 τὸ
985 1345 1023 1413 δὲ
1047 1346 1155 1415 δοθὲν

135 1451 394 1536 εὐθύγραμμον,
419 1441 446 1541 ᾦ
471 1455 524 1518 δεῖ
546 1460 621 1518 λ’σον
644 1449 735 1538 παρά
758 1451 821 1538 τὴν
844 1460 910 1520 ΑΒ
934 1458 1154 1541 παραβαλεῖν,

134 1556 172 1624 τὸ
196 1563 228 1623 Γ
251 1557 296 1642 μὴ
326 1563 438 1643 μεῖζον
468 1552 537 1641 [δυ]
566 1561 628 1626 τοῦ
654 1557 717 1625 ἀπὸ
746 1563 804 1644 τὴς
832 1556 983 1645 ἡμισείας
1005 1564 1065 1646 τῆς
1088 1567 1153 1626 ΑΒ

135 1659 419 1748 ἀναγραφομένου
440 1660 561 1750 ὁμοίου
578 1667 624 1755 τῷ
645 1667 845 1752 ἐλλείμματι,
864 1656 892 1757 ᾧ
912 1664 949 1732 δὲ
968 1670 1022 1734 δεῖ
1035 1665 1154 1753 ὅμοιον

135 2691 310 2773 ἐλλείπειν,
338 2713 375 2756 το
401 2695 447 2754 Δ·
477 2692 530 2755 δεῖ
557 2685 598 2773 δὴ
623 2687 712 2775 παρὰ
736 2687 800 2775 τὴυ
824 2693 987 2760 δοθεῖσαν
1012 2689 1154 2763 εὐθεῖαν

82 2824 115 2872 15
133 2793 195 2879 τὴυ
219 2801 285 2859 ΑΒ
309 2797 354 2884 τῷ
384 2794 522 2860 δοθέντι
545 2792 775 2885 εὐθυγράμμῳ
802 2799 848 2888 τῷ
871 2802 904 2863 Γ
924 2804 1000 2864 ῖσου
1026 2807 1154 2886 παραλ-

133 2898 372 2987 ληλόγραμμον
405 2905 610 2986 παραβαλεῖν
644 2903 795 2969 ἐλλεῖπον
828 2905 910 2969 εῖδει
942 2912 1153 2992 παραλληλο-

133 3005 274 3098 γράμμῳ
299 3003 405 3098 ὁμοίῳ
430 3005 504 3075 ὐυτι
525 3010 571 3098 τῷ
596 3014 638 3074 Δ.

204 3111 387 3199 Τετμήσθω
419 3110 440 3200 ἡ
469 3120 534 3180 AB
565 3116 642 3200 δίχα
674 3112 756 3180 κατὰ
785 3111 822 3181 τὸ
851 3121 883 3180 Ε
909 3128 1064 3202 σημεῖον,
1094 3118 1152 3184 καλ

135 3215 384 3306 ἀναγεγράφθω
410 3217 475 3287 ἀπὸ
499 3223 558 3306 τῆς
581 3226 644 3286 ΕΒ
668 3222 713 3309 τῷ
738 3228 771 3286 Λ
795 3216 914 3305 ὅμοιον
942 3221 998 3287 καὶ
1027 3219 1153 3307 ὁμοίως

207 3434 230 3484 1.
250 3425 315 3500 κη’]
335 3446 389 3484 om.
410 3430 445 3496 1³3
465 3427 509 3503 λβ’
529 3450 556 3500 p.
639 3439 664 3486 2.
684 3427 818 3504 εὐθεῖαν]
842 3451 898 3503 mg.
918 3451 954 3487 m.
976 3440 989 3486 1
1009 3435 1040 3488 Ρ.
1124 3441 1150 3490 3,

134 3494 326 3570 παραβάλλειν
345 3501 379 3555 V.
473 3507 497 3557 5.
516 3502 572 3574 τῳ]
601 3498 662 3557 ἀντι
686 3503 724 3574 τῷ
743 3502 775 3558 V.
867 3501 917 3574 δέ]
943 3501 979 3572 δή
1003 3503 1151 3576 PBFVp3

58 3564 173 3722 *s
