2446 3938
331 183 606 236 aasrmmoauu
623 185 733 235 amaa
750 184 798 238 rx.
1015 180 1079 245 397

134 353 211 396 nam
240 330 393 415 quoniam
416 333 482 393 AB
509 329 616 411 impar
643 329 706 408 est,
735 324 945 390 subtrahatur
972 326 1081 390 unitas

66 444 144 504 ΒΔ.
189 439 298 522 itaque
326 436 468 520 reliquus
493 439 563 499 ΑΔ
590 455 651 517 par
678 435 737 498 est.
785 432 897 496 eadem
922 431 960 496 de
984 453 1082 496 causa

68 547 169 612 etiam
191 549 255 611 ΓΛ
276 566 336 628 par
360 546 410 608 est
434 540 511 624 [VII
534 540 595 605 def.
621 538 694 624 7].¹)
731 561 810 626 ergo
835 539 933 603 otiam
957 539 1013 623 qui
1035 560 1082 602 ro·

67 653 242 737 linquitur,
269 636 330 716 ΓΑ
356 673 417 734 par
445 650 495 712 est
519 649 623 731 [prop.
646 645 786 730 XXIV]3
820 646 906 730 quod
935 649 1005 710 erat
1028 647 1081 711 de-

69 757 326 824 monstrandum.

505 877 641 945 XXVII.

135 1005 171 1071 Si
194 1029 214 1071 a
236 1027 370 1070 numero
393 1004 512 1087 impari
534 1024 596 1086 par
619 1002 831 1086 subtrahitur,
855 1002 998 1087 reliquus
1022 999 1081 1064 im·

112 1136 128 1177 r
151 1113 221 1177 erit.

68 1137 111 1199 pa
138 1218 225 1284 Nam
254 1240 273 1282 a
299 1238 434 1282 numero
462 1216 581 1300 impari
603 1221 669 1282 AB
697 1239 757 1301 par
780 1215 989 1280 subtrahatur
1012 1217 1083 1278 ΒΓ.

70 1325 150 1408 dico,
174 1325 335 1408 reliquum
357 1326 418 1388 ΓΑ
440 1323 599 1407 imparem
623 1345 702 1390 esse.

613 1538 640 1589 Γ
781 1539 802 1588 Β

137 1683 212 1726 nam
236 1660 449 1725 subtrahatur
470 1663 579 1726 unitas
603 1667 682 1726 AA.
728 1662 837 1745 itaque
861 1663 928 1724 AB
951 1681 1012 1744 par
1035 1661 1084 1723 est

71 1765 148 1846 [VII
171 1766 232 1831 def.
256 1768 298 1846 ‘ll
340 1788 453 1830 uerum
477 1768 576 1832 etiam
599 1770 665 1832 ΒΓ
683 1789 744 1852 par
768 1770 825 1831 est.
863 1787 960 1850 quare
984 1766 1083 1829 etiam

71 1873 214 1956 reliquus
239 1875 302 1936 ΓΛ
328 1894 388 1957 par
415 1875 465 1936 est
489 1875 592 1956 [prop.
610 1871 744 1952 XXIV}
791 1891 867 1956 ergo
891 1874 951 1936 ΓΑ
978 1872 1083 1954 impar

71 1983 122 2044 est
146 1978 224 2060 [VII
246 1978 308 2043 def.
334 1979 380 2062 7]3
404 1978 489 2062 quod
511 1983 581 2044 erat
604 1977 901 2044 demonstrandum.

498 2153 652 2220 XXVIII.

138 2278 172 2344 Si
201 2303 352 2345 numerus
382 2281 489 2363 impar
518 2301 629 2364 parem
659 2279 883 2363 multiplicans
913 2299 1083 2343 numerum

70 2387 210 2469 aliquem
233 2385 381 2469 effecerit,
404 2407 557 2450 numerus
581 2386 757 2470 productus
780 2409 839 2470 par
862 2385 932 2450 erit.

70 2495 213 2545 1--411
440 2491 528 2557 Nam
555 2493 661 2576 impar
684 2513 838 2557 numerus
865 2498 896 2557 A
919 2513 1032 2575 parem
1055 2495 1084 2555 B

68 2600 270 2651 1--—-÷B
395 2598 617 2682 multiplicans
627 2620 796 2664 numerum
809 2598 980 2663 reffieiat,
1004 2598 1085 2680 dico,

72 2706 352 2760 l—-—-÷P
391 2726 561 2771 numerum
583 2707 615 2769 Γ
633 2727 745 2789 parem
768 2726 848 2771 esse.

138 2837 214 2879 nam
234 2813 388 2899 quoniam
411 2818 444 2876 A
457 2825 501 2880 ><
515 2816 544 2876 Β
559 2842 601 2865 =
617 2816 654 2896 Γ,
671 2834 824 2890 numerus
843 2815 876 2877 Γ
890 2834 928 2878 ex
947 2813 1084 2878 totidem

73 2919 214 2985 numeris
228 2940 363 2984 numero
378 2923 407 2982 Β
422 2919 613 3003 aequalibus
627 2920 827 3004 compositus
842 2922 901 3005 est,
916 2924 996 3005 quot
1010 2923 1086 2985 sunt

72 3026 214 3090 unitates
234 3026 269 3089 in
287 3030 320 3089 A
339 3024 416 3106 [VII
430 3025 491 3090 def.
507 3025 571 3106 15].
613 3028 645 3089 et
663 3030 692 3090 Β
710 3047 771 3109 par
785 3031 843 3091 est.
880 3028 913 3090 Γ
926 3028 1028 3111 igitur
1047 3049 1086 3092 ex

72 3132 206 3216 paribus
235 3131 436 3215 compositus
465 3135 523 3197 est.
570 3130 621 3196 sin
648 3133 810 3217 quotlibet
837 3134 962 3198 numeri
989 3156 1084 3218 pares

72 3241 320 3323 componuntur,
349 3242 439 3304 totus
461 3260 523 3322 par
546 3240 596 3302 est
620 3241 722 3323 [prop.
741 3238 841 3320 XXI].
879 3261 957 3325 orgo
976 3244 1008 3306 Γ
1025 3263 1087 3325 par

70 3349 134 3430 est3
157 3345 243 3430 quod
266 3353 336 3410 erat
359 3343 654 3412 demonstrandum

144 3523 171 3590 1)
189 3520 264 3576 Nam
282 3519 492 3592 supposuimus,
513 3523 564 3574 ΓΒ
583 3519 720 3589 imparem
739 3537 808 3578 osso.
