2446 3938
145 189 212 253 224
520 189 721 243 ΣΤΟΙΧΕῙΩΝ
740 183 775 254 ζ’.

146 331 256 410 ἰσάκις
287 332 352 420 άρα
385 329 400 400 ἱ
432 341 464 398 Α
496 332 654 418 ἑκάτερον
685 334 753 398 τῶν
781 336 824 416 Γ,
853 338 886 396 A
919 344 1037 418 μετρεῖ.
1090 340 1165 412 ἶσος

145 437 212 526 άρα
235 438 326 506 ἐστὶν
350 435 367 505 6
391 443 423 506 Γ
441 441 487 530 τῷ
512 447 558 504 A·
583 437 664 522 ἕπερ
688 441 754 504 ἔδει
779 437 892 516 δεῖξαι.

143 670 173 733 ῃ,
627 631 678 712 λζ’.

15 718 140 844 ,μαλ”α
210 754 299 824 Ἐάν
319 754 492 844 ἀριθμὸς
511 754 583 823 δύο
598 752 1166 842 άριθμοὺςπολλαπλασιάσας

111 866 239 952 οτοιῇ
276 890 401 950 τινας,
442 865 481 931 ολ
513 861 728 949 γενόμενοι
760 864 798 943 ἐξ
830 859 960 929 αὐτῶν
992 859 1061 929 τὸν
1096 861 1165 930 αὐ-

144 968 215 1038 τὸν
239 971 374 1051 ἕξουσι
397 968 519 1056 λόγον
543 982 626 1049 τοῖς
648 975 1099 1036 πολλαπλασιασθεῖσιν.

210 1073 370 1164 Ἀριθμὸς
391 1074 456 1164 γάρ
481 1073 499 1144 6
519 1085 552 1143 A
571 1074 633 1143 δύο
652 1072 821 1162 ἀριθμοὺς
838 1074 918 1154 τοὺς
936 1081 976 1160 Β,
995 1080 1027 1142 Γ
1040 1081 1166 1144 πολλα-

146 1181 333 1263 πλασιάσας
361 1182 441 1262 τοὺς
474 1191 521 1269 Δ,
542 1189 574 1250 Β
603 1187 751 1250 ποιείτω·
784 1183 886 1268 λε’μιο,
919 1178 971 1248 ὅτι
998 1181 1090 1249 ἐστὶν
1119 1180 1166 1262 ὡς

146 1285 164 1356 6
189 1296 217 1355 Β
242 1288 327 1376 πρὸς
349 1288 410 1356 τὸν
433 1294 476 1373 Γ,
501 1288 607 1368 οὕτως
631 1286 649 1356 6
674 1297 707 1354 A
729 1286 813 1375 πρὸς
835 1286 896 1355 τὸν
919 1295 957 1356 Ε.

94 1411 127 1460 10
210 1393 301 1464 Ἐπεὶ
327 1393 392 1483 γὰρ
421 1393 439 1463 6
464 1405 497 1462 A
519 1395 580 1463 τὸν
603 1402 631 1462 Β
655 1393 948 1474 πολλαπλασιάσας
969 1392 1029 1462 τὸν
1054 1403 1088 1461 A
1110 1418 1165 1463 τιε-

145 1507 299 1587 ποίηκεν,
328 1498 345 1568 6
374 1509 404 1568 Β
432 1498 497 1587 ἄρα
524 1499 586 1568 τὸν
614 1510 648 1568 A
675 1514 789 1588 μετρεῖ
814 1501 897 1570 κατὰ
920 1500 979 1582 τὰς
1002 1505 1040 1570 ἐν
1061 1506 1108 1594 τῷ
1133 1512 1166 1570 A

146 1605 306 1693 μονάδας.
351 1620 464 1695 μετρεῖ
491 1605 529 1674 66
555 1607 611 1673 καὶ
638 1604 659 1692 ἡ
685 1615 712 1674 Ζ
739 1634 847 1695 μονας
868 1607 929 1676 τὸν
952 1616 985 1675 A
1012 1605 1165 1696 άριθμὸν

145 1710 228 1780 κατά
256 1711 316 1792 τὰς
343 1715 379 1780 ἐν
407 1709 497 1805 αὐτῷ
527 1711 689 1799 μονάδας·
723 1713 832 1793 ἰσάκις
859 1712 925 1801 άρα
953 1712 973 1800 ἡ
1003 1721 1030 1780 Ζ
1057 1713 1166 1801 μονάς

144 1818 206 1887 τὸν
235 1827 268 1886 Α
297 1816 448 1907 ἀριθμὸν
476 1832 589 1906 μετρεῖ
617 1819 674 1886 καὶ
702 1815 719 1887 6
749 1827 777 1887 Β
805 1820 866 1888 τὸν
894 1829 936 1890 A.
978 1826 1069 1916 ἔστιν
1098 1818 1166 1909 άρα

94 1916 192 2006 1569
223 1922 245 2012 ἡ
279 1933 307 1993 Ζ
339 1925 446 2013 μονάς
477 1923 561 2014 πρὸς
592 1922 654 1993 τὸν
680 1934 713 1994 A
744 1924 910 2016 ἀριθμόν,
943 1926 1051 2008 οὕτως
1083 1925 1102 1996 6
1135 1937 1165 1996 Β

30 2020 38 2035 ’
145 2031 229 2121 πρὸς
262 2030 323 2100 τὸν
352 2039 394 2099 Δ.
446 2031 501 2099 διά
534 2030 575 2100 τά
604 2029 688 2100 αὐτὰ
721 2031 763 2118 δὴ
794 2034 851 2100 καλ
882 2032 926 2113 ὡς
953 2032 974 2122 ἡ
1003 2042 1031 2101 Ζ
1058 2033 1167 2121 μονάς

145 2138 229 2228 πρὸς
258 2139 317 2207 τὸν
346 2148 378 2207 Α
405 2135 572 2225 ἀριθμόν,
601 2137 707 2217 οὕτως
735 2135 753 2206 6
784 2145 817 2206 Γ
839 2139 924 2227 πρὸς
949 2140 1010 2209 τὸν
1038 2147 1080 2207 E·
1108 2141 1167 2208 καὶ

146 2243 191 2325 ὡς
218 2244 283 2333 ἄρα
312 2242 330 2312 6
358 2251 387 2310 Β
415 2242 500 2330 πρὸς
526 2241 587 2311 τὸν
611 2252 659 2330 Δ,
693 2245 800 2324 οὕτως
828 2243 846 2313 6
870 2252 902 2314 Γ
925 2245 1010 2333 πρὸς
1035 2245 1097 2314 τὸν
1125 2256 1166 2317 Ε.

146 2350 287 2432 ἐναλλάξ
315 2348 381 2439 άρα
410 2349 500 2417 ἐστὶν
529 2346 574 2429 ὡς
598 2347 615 2417 6
640 2358 669 2418 Β
692 2350 777 2437 πρὸς
799 2350 860 2419 τὸν
883 2358 926 2438 Γ,
955 2349 1062 2431 οὕτως
1085 2349 1103 2420 6
1130 2363 1167 2422 A

92 2490 127 2539 20
146 2456 230 2545 πρὸς
251 2454 311 2525 τὸν
335 2463 377 2522 Β·
401 2453 483 2538 ὅπερ
507 2459 575 2523 ἔδει
599 2458 712 2537 δεῖξαι.

664 2649 674 2675 Ι

626 2676 684 2736 ιη.

15 2764 134 2874 ,μαλ’
210 2771 298 2840 Ἐάν
323 2772 395 2842 δύο
423 2770 594 2860 άριθμολ
622 2771 798 2861 ἀριθμόν
826 2802 917 2843 τινα
944 2782 1166 2845 πολλαπλα-

146 2878 358 2958 σιάσαντες
385 2883 533 2948 ποιῶσί
558 2904 685 2966 τινας,
719 2883 760 2948 ολ
785 2881 1000 2969 γενόμενοι
1028 2883 1065 2963 ἐξ
1096 2881 1166 2951 αὐ-

144 2987 222 3052 τῶν
253 2984 323 3052 τὸν
355 2982 479 3053 αὐτὸν
512 2988 647 3067 ἕξουσι
679 2985 802 3073 λόγον
829 3000 914 3068 τοῖς
940 2996 1166 3057 πολλαπλα-

92 3090 346 3165 ῖσσιάσασιν.

218 3310 241 3357 1.
261 3301 276 3357 6
297 3305 337 3375 A]
358 3321 412 3359 om.
430 3322 459 3374 p.
533 3305 600 3376 τῶν]
620 3300 670 3359 τόν
687 3323 714 3375 p.
788 3311 814 3360 5.
832 3303 882 3359 τὸν
901 3301 1001 3379 αὐτόν]
1026 3324 1110 3377 supra
1128 3309 1165 3366 V.

146 3380 170 3428 7.
185 3378 475 3429 πολλαπλασιασθεῖσι
489 3393 516 3445 p.
572 3382 597 3431 8.
612 3372 690 3447 τοάς]
705 3376 736 3429 in
749 3391 803 3430 ras.
817 3375 852 3430 V.
908 3382 949 3433 11.
968 3378 1023 3451 τῷ]
1040 3374 1118 3451 αὐτῷ
1132 3379 1166 3449 Ρ,

146 3440 224 3516 αὐτῷ
244 3446 282 3517 τῷ
301 3464 338 3499 m.
357 3462 411 3500 rec.
469 3452 511 3502 13.
530 3440 603 3518 αὐτῇ
618 3465 645 3516 p.
702 3451 743 3502 15.
763 3442 799 3517 ἡ]
815 3463 899 3517 supra
912 3455 1022 3518 m.lp.
1077 3444 1166 3520 6966-

145 3510 214 3588 μόα]
233 3531 288 3570 om.
306 3515 337 3572 P.
411 3522 452 3572 17.
472 3516 522 3571 καλ
540 3512 687 3580 ὡς-Ῑθε
706 3513 779 3587 πρὸς
796 3514 847 3572 τὸν
872 3519 913 3590 Ε]
937 3535 990 3574 om.
1014 3519 1045 3574 P.
1121 3525 1165 3576 18.
