<?xml version="1.0" encoding="UTF-8"?>
<!DOCTYPE html PUBLIC "-//W3C//DTD XHTML 1.0 Transitional//EN"
    "http://www.w3.org/TR/xhtml1/DTD/xhtml1-transitional.dtd">
<html xmlns="http://www.w3.org/1999/xhtml" xml:lang="en" lang="en">
 <head>
  <title>
</title>
<meta http-equiv="Content-Type" content="text/html;charset=utf-8" />
  <meta name='ocr-system' content='tesseract 3.04.00' />
  <meta name='ocr-capabilities' content='ocr_page ocr_carea ocr_par ocr_line ocrx_word'/>
</head>
<body>
  <div class='ocr_page' id='page_1' title='image "./euclidisoperaom19unkngoog_0331.png"; bbox 0 0 2446 3938; ppageno 0'>
   <div class='ocr_carea' id='block_1_1' title="bbox 135 173 775 245">
    <p class='ocr_par' dir='ltr' id='par_1_1' title="bbox 135 173 775 245">
     <span class='ocr_line' id='line_1_1' title="bbox 135 173 775 245; baseline -0.019 -1"><span class='ocrx_word' id='word_1_1' title='bbox 135 179 201 244; x_wconf 81' lang='lat'><strong><em>302</em></strong></span> <span class='ocrx_word' id='word_1_2' title='bbox 513 178 716 231; x_wconf 71' lang='grc' dir='ltr'><strong><em>ΣΤοΙΧοιοα</em></strong></span> <span class='ocrx_word' id='word_1_3' title='bbox 734 173 775 245; x_wconf 76' lang='grc' dir='ltr'><strong><em>η’.</em></strong></span> 
     </span>
    </p>
   </div>
   <div class='ocr_carea' id='block_1_2' title="bbox 83 316 1160 1998">
    <p class='ocr_par' dir='ltr' id='par_1_2' title="bbox 83 316 1160 1998">
     <span class='ocr_line' id='line_1_2' title="bbox 134 316 1157 408; baseline 0 -21"><span class='ocrx_word' id='word_1_4' title='bbox 134 319 218 408; x_wconf 78' lang='grc' dir='ltr'><strong><em>πρὸς</em></strong></span> <span class='ocrx_word' id='word_1_5' title='bbox 244 318 305 388; x_wconf 86' lang='grc' dir='ltr'><strong><em>τὸν</em></strong></span> <span class='ocrx_word' id='word_1_6' title='bbox 328 326 369 387; x_wconf 90' lang='lat' dir='ltr'><strong><em>K.</em></strong></span> <span class='ocrx_word' id='word_1_7' title='bbox 410 318 527 405; x_wconf 84' lang='grc' dir='ltr'><strong><em>πάλιν,</em></strong></span> <span class='ocrx_word' id='word_1_8' title='bbox 555 319 624 387; x_wconf 78' lang='grc' dir='ltr'><strong><em>ἐπεὶ</em></strong></span> <span class='ocrx_word' id='word_1_9' title='bbox 649 317 802 407; x_wconf 80' lang='grc' dir='ltr'><strong><em>ἑκάτερος</em></strong></span> <span class='ocrx_word' id='word_1_10' title='bbox 824 321 893 387; x_wconf 78' lang='grc' dir='ltr'><strong><em>τῶν</em></strong></span> <span class='ocrx_word' id='word_1_11' title='bbox 917 326 966 404; x_wconf 99' lang='lat' dir='ltr'><em>A,</em></span> <span class='ocrx_word' id='word_1_12' title='bbox 985 326 1014 385; x_wconf 91' lang='grc' dir='ltr'>Ζ</span> <span class='ocrx_word' id='word_1_13' title='bbox 1038 316 1102 387; x_wconf 85' lang='grc' dir='ltr'><strong><em>τὸν</em></strong></span> <span class='ocrx_word' id='word_1_14' title='bbox 1127 327 1157 387; x_wconf 92' lang='grc' dir='ltr'>Θ</span> 
     </span>
     <span class='ocr_line' id='line_1_3' title="bbox 135 424 1155 512; baseline 0.002 -21"><span class='ocrx_word' id='word_1_15' title='bbox 135 424 427 506; x_wconf 80' lang='grc' dir='ltr'><strong><em>πολλαπλασιάσας</em></strong></span> <span class='ocrx_word' id='word_1_16' title='bbox 450 424 609 512; x_wconf 82' lang='grc' dir='ltr'><strong><em>ἑκάτερον</em></strong></span> <span class='ocrx_word' id='word_1_17' title='bbox 631 429 700 493; x_wconf 82' lang='grc' dir='ltr'><strong><em>τῶν</em></strong></span> <span class='ocrx_word' id='word_1_18' title='bbox 722 431 766 510; x_wconf 87' lang='grc' dir='ltr'><strong><em>Κ,</em></strong></span> <span class='ocrx_word' id='word_1_19' title='bbox 785 431 817 492; x_wconf 98' lang='lat' dir='ltr'><em>A</em></span> <span class='ocrx_word' id='word_1_20' title='bbox 839 431 1036 510; x_wconf 83' lang='grc' dir='ltr'><strong><em>πεποίηκεν,</em></strong></span> <span class='ocrx_word' id='word_1_21' title='bbox 1059 428 1155 493; x_wconf 82' lang='grc' dir='ltr'><strong><em>ἐστιν</em></strong></span> 
     </span>
     <span class='ocr_line' id='line_1_4' title="bbox 135 527 1155 618; baseline 0.001 -21"><span class='ocrx_word' id='word_1_22' title='bbox 135 529 201 615; x_wconf 79' lang='grc' dir='ltr'><strong><em>ἅμα</em></strong></span> <span class='ocrx_word' id='word_1_23' title='bbox 229 528 273 610; x_wconf 80' lang='grc' dir='ltr'><strong><em>ὡς</em></strong></span> <span class='ocrx_word' id='word_1_24' title='bbox 301 531 319 598; x_wconf 90' lang='lat'><em>6</em></span> <span class='ocrx_word' id='word_1_25' title='bbox 344 541 378 599; x_wconf 92' lang='lat' dir='ltr'><em>A</em></span> <span class='ocrx_word' id='word_1_26' title='bbox 400 529 484 618; x_wconf 77' lang='grc' dir='ltr'><strong><em>πρὸς</em></strong></span> <span class='ocrx_word' id='word_1_27' title='bbox 507 529 567 598; x_wconf 87' lang='grc' dir='ltr'><strong><em>τὸν</em></strong></span> <span class='ocrx_word' id='word_1_28' title='bbox 596 539 638 616; x_wconf 96' lang='grc' dir='ltr'><strong><em>Ζ,</em></strong></span> <span class='ocrx_word' id='word_1_29' title='bbox 667 528 774 610; x_wconf 78' lang='grc' dir='ltr'><strong><em>οὕτως</em></strong></span> <span class='ocrx_word' id='word_1_30' title='bbox 802 528 819 599; x_wconf 94' lang='lat'><em>6</em></span> <span class='ocrx_word' id='word_1_31' title='bbox 850 537 885 598; x_wconf 89' lang='grc' dir='ltr'><strong><em>Κ</em></strong></span> <span class='ocrx_word' id='word_1_32' title='bbox 910 527 994 617; x_wconf 81' lang='grc' dir='ltr'><strong><em>πρὸς</em></strong></span> <span class='ocrx_word' id='word_1_33' title='bbox 1020 529 1085 598; x_wconf 86' lang='grc' dir='ltr'><strong><em>τὸν</em></strong></span> <span class='ocrx_word' id='word_1_34' title='bbox 1114 538 1155 598; x_wconf 87' lang='lat' dir='ltr'><em>A.</em></span> 
     </span>
     <span class='ocr_line' id='line_1_5' title="bbox 135 634 1154 723; baseline 0.003 -21"><span class='ocrx_word' id='word_1_35' title='bbox 135 634 209 704; x_wconf 77' lang='grc' dir='ltr'><strong><em>ἀλλ’</em></strong></span> <span class='ocrx_word' id='word_1_36' title='bbox 240 634 285 717; x_wconf 81' lang='grc' dir='ltr'><strong><em>ὡς</em></strong></span> <span class='ocrx_word' id='word_1_37' title='bbox 312 634 330 705; x_wconf 89' lang='grc' dir='ltr'><strong>ὁ</strong></span> <span class='ocrx_word' id='word_1_38' title='bbox 356 646 389 704; x_wconf 96' lang='lat' dir='ltr'><em>A</em></span> <span class='ocrx_word' id='word_1_39' title='bbox 411 635 495 723; x_wconf 85' lang='grc' dir='ltr'><strong><em>πρὸς</em></strong></span> <span class='ocrx_word' id='word_1_40' title='bbox 521 638 582 704; x_wconf 90' lang='grc' dir='ltr'><strong><em>τὸν</em></strong></span> <span class='ocrx_word' id='word_1_41' title='bbox 606 644 649 722; x_wconf 90' lang='grc' dir='ltr'><strong><em>Ζ,</em></strong></span> <span class='ocrx_word' id='word_1_42' title='bbox 677 635 783 717; x_wconf 80' lang='grc' dir='ltr'><strong><em>οὕτως</em></strong></span> <span class='ocrx_word' id='word_1_43' title='bbox 810 634 829 704; x_wconf 92' lang='lat'><em>6</em></span> <span class='ocrx_word' id='word_1_44' title='bbox 853 646 886 703; x_wconf 88' lang='lat' dir='ltr'><em>A</em></span> <span class='ocrx_word' id='word_1_45' title='bbox 912 634 997 723; x_wconf 79' lang='grc' dir='ltr'><strong><em>πρὸς</em></strong></span> <span class='ocrx_word' id='word_1_46' title='bbox 1017 634 1083 704; x_wconf 90' lang='grc' dir='ltr'><strong><em>τὸν</em></strong></span> <span class='ocrx_word' id='word_1_47' title='bbox 1106 645 1154 705; x_wconf 88' lang='grc' dir='ltr'><strong><em>Κ·</em></strong></span> 
     </span>
     <span class='ocr_line' id='line_1_6' title="bbox 102 740 1155 831; baseline 0.003 -24"><span class='ocrx_word' id='word_1_48' title='bbox 102 743 192 809; x_wconf 73' lang='grc' dir='ltr'><strong><em>ὁκαὶ</em></strong></span> <span class='ocrx_word' id='word_1_49' title='bbox 221 740 266 823; x_wconf 77' lang='grc' dir='ltr'><strong><em>ὡς</em></strong></span> <span class='ocrx_word' id='word_1_50' title='bbox 293 741 359 831; x_wconf 83' lang='grc' dir='ltr'><strong><em>άρα</em></strong></span> <span class='ocrx_word' id='word_1_51' title='bbox 387 740 405 811; x_wconf 92' lang='lat'><em>6</em></span> <span class='ocrx_word' id='word_1_52' title='bbox 431 753 461 810; x_wconf 85' lang='lat' dir='ltr'><em>A</em></span> <span class='ocrx_word' id='word_1_53' title='bbox 482 740 566 829; x_wconf 79' lang='grc' dir='ltr'><strong><em>πρὸς</em></strong></span> <span class='ocrx_word' id='word_1_54' title='bbox 588 742 648 811; x_wconf 87' lang='grc' dir='ltr'><strong><em>τὸν</em></strong></span> <span class='ocrx_word' id='word_1_55' title='bbox 671 749 719 828; x_wconf 88' lang='lat' dir='ltr'><strong><em>K,</em></strong></span> <span class='ocrx_word' id='word_1_56' title='bbox 748 741 854 823; x_wconf 79' lang='grc' dir='ltr'><strong><em>οὕτως</em></strong></span> <span class='ocrx_word' id='word_1_57' title='bbox 878 740 896 811; x_wconf 90' lang='grc' dir='ltr'>ὁ</span> <span class='ocrx_word' id='word_1_58' title='bbox 919 749 954 810; x_wconf 88' lang='lat' dir='ltr'><em>K</em></span> <span class='ocrx_word' id='word_1_59' title='bbox 980 742 1065 829; x_wconf 79' lang='grc' dir='ltr'><strong><em>πρὸς</em></strong></span> <span class='ocrx_word' id='word_1_60' title='bbox 1091 741 1155 811; x_wconf 85' lang='grc' dir='ltr'><strong><em>τὸν</em></strong></span> 
     </span>
     <span class='ocr_line' id='line_1_7' title="bbox 136 847 1156 933; baseline -0.001 -16"><span class='ocrx_word' id='word_1_61' title='bbox 136 856 176 917; x_wconf 93' lang='lat' dir='ltr'><strong><em>A.</em></strong></span> <span class='ocrx_word' id='word_1_62' title='bbox 222 854 270 916; x_wconf 85' lang='grc' dir='ltr'><strong><em>ἐτι</em></strong></span> <span class='ocrx_word' id='word_1_63' title='bbox 293 850 363 917; x_wconf 83' lang='grc' dir='ltr'><strong><em>ἐπεὶ</em></strong></span> <span class='ocrx_word' id='word_1_64' title='bbox 387 847 405 917; x_wconf 96' lang='lat'><em>6</em></span> <span class='ocrx_word' id='word_1_65' title='bbox 431 857 458 916; x_wconf 91' lang='grc' dir='ltr'><strong><em>Ζ</em></strong></span> <span class='ocrx_word' id='word_1_66' title='bbox 482 848 640 933; x_wconf 79' lang='grc' dir='ltr'><strong><em>ἑκάτερον</em></strong></span> <span class='ocrx_word' id='word_1_67' title='bbox 658 854 726 917; x_wconf 78' lang='grc' dir='ltr'><strong><em>τῶν</em></strong></span> <span class='ocrx_word' id='word_1_68' title='bbox 745 857 784 933; x_wconf 94' lang='grc' dir='ltr'><strong><em>Θ,</em></strong></span> <span class='ocrx_word' id='word_1_69' title='bbox 802 855 843 916; x_wconf 90' lang='grc' dir='ltr'><em>Η</em></span> <span class='ocrx_word' id='word_1_70' title='bbox 856 849 1156 930; x_wconf 77' lang='grc' dir='ltr'><strong><em>πολλαπλασιάσας</em></strong></span> 
     </span>
     <span class='ocr_line' id='line_1_8' title="bbox 136 952 1155 1042; baseline 0.002 -20"><span class='ocrx_word' id='word_1_71' title='bbox 136 956 293 1042; x_wconf 84' lang='grc' dir='ltr'><strong><em>ἑκάτερον</em></strong></span> <span class='ocrx_word' id='word_1_72' title='bbox 322 958 390 1022; x_wconf 77' lang='grc' dir='ltr'><strong><em>τῶν</em></strong></span> <span class='ocrx_word' id='word_1_73' title='bbox 419 962 464 1036; x_wconf 89' lang='grc' dir='ltr'><strong><em>Λ,</em></strong></span> <span class='ocrx_word' id='word_1_74' title='bbox 488 961 517 1021; x_wconf 92' lang='grc' dir='ltr'><strong><em>Β</em></strong></span> <span class='ocrx_word' id='word_1_75' title='bbox 548 960 744 1040; x_wconf 81' lang='grc' dir='ltr'><strong><em>πεποίηκεν,</em></strong></span> <span class='ocrx_word' id='word_1_76' title='bbox 776 960 866 1022; x_wconf 85' lang='grc' dir='ltr'><strong><em>ἐστιν</em></strong></span> <span class='ocrx_word' id='word_1_77' title='bbox 899 953 964 1041; x_wconf 80' lang='grc' dir='ltr'><strong><em>άρα</em></strong></span> <span class='ocrx_word' id='word_1_78' title='bbox 997 952 1044 1034; x_wconf 79' lang='grc' dir='ltr'><strong><em>ὡς</em></strong></span> <span class='ocrx_word' id='word_1_79' title='bbox 1077 953 1095 1024; x_wconf 95' lang='lat'><em>6</em></span> <span class='ocrx_word' id='word_1_80' title='bbox 1125 963 1155 1024; x_wconf 90' lang='grc' dir='ltr'>Θ</span> 
     </span>
     <span class='ocr_line' id='line_1_9' title="bbox 135 1057 1156 1150; baseline 0.002 -22"><span class='ocrx_word' id='word_1_81' title='bbox 135 1060 219 1150; x_wconf 85' lang='grc' dir='ltr'><strong><em>πρὸς</em></strong></span> <span class='ocrx_word' id='word_1_82' title='bbox 246 1059 307 1130; x_wconf 86' lang='grc' dir='ltr'><strong><em>τὸν</em></strong></span> <span class='ocrx_word' id='word_1_83' title='bbox 336 1067 386 1146; x_wconf 90' lang='grc' dir='ltr'><strong><em>Η,</em></strong></span> <span class='ocrx_word' id='word_1_84' title='bbox 415 1062 521 1141; x_wconf 79' lang='grc' dir='ltr'><strong><em>οὕτως</em></strong></span> <span class='ocrx_word' id='word_1_85' title='bbox 549 1058 567 1130; x_wconf 90' lang='lat'><em>6</em></span> <span class='ocrx_word' id='word_1_86' title='bbox 592 1068 624 1127; x_wconf 94' lang='lat' dir='ltr'><em>A</em></span> <span class='ocrx_word' id='word_1_87' title='bbox 650 1060 734 1147; x_wconf 82' lang='grc' dir='ltr'><strong><em>πρὸς</em></strong></span> <span class='ocrx_word' id='word_1_88' title='bbox 760 1059 821 1129; x_wconf 89' lang='grc' dir='ltr'><strong><em>τὸν</em></strong></span> <span class='ocrx_word' id='word_1_89' title='bbox 849 1067 887 1128; x_wconf 92' lang='grc' dir='ltr'><strong><em>Β.</em></strong></span> <span class='ocrx_word' id='word_1_90' title='bbox 934 1057 979 1140; x_wconf 79' lang='grc' dir='ltr'><strong><em>ὡς</em></strong></span> <span class='ocrx_word' id='word_1_91' title='bbox 1007 1061 1046 1129; x_wconf 75' lang='grc' dir='ltr'><strong><em>δέ</em></strong></span> <span class='ocrx_word' id='word_1_92' title='bbox 1075 1061 1094 1130; x_wconf 91' lang='lat'><em>6</em></span> <span class='ocrx_word' id='word_1_93' title='bbox 1126 1070 1156 1130; x_wconf 88' lang='grc' dir='ltr'>Θ</span> 
     </span>
     <span class='ocr_line' id='line_1_10' title="bbox 135 1164 1157 1255; baseline -0.002 -18"><span class='ocrx_word' id='word_1_94' title='bbox 135 1168 219 1255; x_wconf 77' lang='grc' dir='ltr'><strong><em>πρὸς</em></strong></span> <span class='ocrx_word' id='word_1_95' title='bbox 244 1168 306 1237; x_wconf 92' lang='grc' dir='ltr'><strong><em>τὸν</em></strong></span> <span class='ocrx_word' id='word_1_96' title='bbox 336 1173 385 1251; x_wconf 87' lang='grc' dir='ltr'><strong><em>Η,</em></strong></span> <span class='ocrx_word' id='word_1_97' title='bbox 419 1165 526 1246; x_wconf 77' lang='grc' dir='ltr'><strong><em>οὕτως</em></strong></span> <span class='ocrx_word' id='word_1_98' title='bbox 554 1164 572 1234; x_wconf 92' lang='lat'><em>6</em></span> <span class='ocrx_word' id='word_1_99' title='bbox 603 1175 636 1234; x_wconf 94' lang='lat' dir='ltr'><em>A</em></span> <span class='ocrx_word' id='word_1_100' title='bbox 662 1165 746 1251; x_wconf 83' lang='grc' dir='ltr'><strong><em>πρὸς</em></strong></span> <span class='ocrx_word' id='word_1_101' title='bbox 772 1166 833 1235; x_wconf 91' lang='grc' dir='ltr'><strong><em>τὸν</em></strong></span> <span class='ocrx_word' id='word_1_102' title='bbox 862 1175 902 1234; x_wconf 90' lang='grc' dir='ltr'><strong><em>Ζ·</em></strong></span> <span class='ocrx_word' id='word_1_103' title='bbox 930 1168 986 1235; x_wconf 80' lang='grc' dir='ltr'><strong><em>καὶ</em></strong></span> <span class='ocrx_word' id='word_1_104' title='bbox 1015 1165 1062 1247; x_wconf 82' lang='grc' dir='ltr'><strong><em>ὡς</em></strong></span> <span class='ocrx_word' id='word_1_105' title='bbox 1085 1169 1157 1254; x_wconf 76' lang='grc' dir='ltr'><strong><em>ἄρα</em></strong></span> 
     </span>
     <span class='ocr_line' id='line_1_11' title="bbox 83 1271 1156 1362; baseline 0.004 -25"><span class='ocrx_word' id='word_1_106' title='bbox 83 1271 154 1342; x_wconf 90' lang='lat'><strong><em>106</em></strong></span> <span class='ocrx_word' id='word_1_107' title='bbox 180 1283 214 1342; x_wconf 94' lang='grc' dir='ltr'><em>Δ</em></span> <span class='ocrx_word' id='word_1_108' title='bbox 236 1273 320 1362; x_wconf 77' lang='grc' dir='ltr'><strong><em>πρὸς</em></strong></span> <span class='ocrx_word' id='word_1_109' title='bbox 342 1272 403 1341; x_wconf 86' lang='grc' dir='ltr'><strong><em>τὸν</em></strong></span> <span class='ocrx_word' id='word_1_110' title='bbox 428 1281 469 1357; x_wconf 91' lang='grc' dir='ltr'><strong><em>Ζ,</em></strong></span> <span class='ocrx_word' id='word_1_111' title='bbox 497 1271 643 1353; x_wconf 83' lang='grc' dir='ltr'><strong><em>οὕτωςὸ</em></strong></span> <span class='ocrx_word' id='word_1_112' title='bbox 673 1280 705 1340; x_wconf 91' lang='lat' dir='ltr'><em>A</em></span> <span class='ocrx_word' id='word_1_113' title='bbox 732 1271 815 1360; x_wconf 80' lang='grc' dir='ltr'><strong><em>πρὸς</em></strong></span> <span class='ocrx_word' id='word_1_114' title='bbox 841 1271 902 1340; x_wconf 86' lang='grc' dir='ltr'><strong><em>τὸν</em></strong></span> <span class='ocrx_word' id='word_1_115' title='bbox 929 1280 966 1341; x_wconf 89' lang='grc' dir='ltr'><strong><em>Β.</em></strong></span> <span class='ocrx_word' id='word_1_116' title='bbox 1012 1276 1156 1362; x_wconf 78' lang='grc' dir='ltr'><strong><em>ἐδείχθη</em></strong></span> 
     </span>
     <span class='ocr_line' id='line_1_12' title="bbox 136 1377 1155 1467; baseline 0.001 -19"><span class='ocrx_word' id='word_1_117' title='bbox 136 1380 251 1449; x_wconf 76' lang='grc' dir='ltr'><strong><em>δὲκαὶ</em></strong></span> <span class='ocrx_word' id='word_1_118' title='bbox 275 1380 321 1459; x_wconf 80' lang='grc' dir='ltr'><strong><em>ὡς</em></strong></span> <span class='ocrx_word' id='word_1_119' title='bbox 343 1377 362 1447; x_wconf 90' lang='lat'><em>6</em></span> <span class='ocrx_word' id='word_1_120' title='bbox 387 1388 420 1446; x_wconf 88' lang='lat' dir='ltr'><em>A</em></span> <span class='ocrx_word' id='word_1_121' title='bbox 442 1379 525 1465; x_wconf 80' lang='grc' dir='ltr'><strong><em>πρὸς</em></strong></span> <span class='ocrx_word' id='word_1_122' title='bbox 547 1378 608 1446; x_wconf 85' lang='grc' dir='ltr'><strong><em>τὸν</em></strong></span> <span class='ocrx_word' id='word_1_123' title='bbox 632 1386 674 1462; x_wconf 91' lang='grc' dir='ltr'><strong><em>Ζ,</em></strong></span> <span class='ocrx_word' id='word_1_124' title='bbox 697 1377 805 1459; x_wconf 79' lang='grc' dir='ltr'><strong><em>οὕτως</em></strong></span> <span class='ocrx_word' id='word_1_125' title='bbox 828 1378 848 1448; x_wconf 85' lang='grc' dir='ltr'>ὅ</span> <span class='ocrx_word' id='word_1_126' title='bbox 870 1405 906 1447; x_wconf 85' lang='grc' dir='ltr'><strong><em>τε</em></strong></span> <span class='ocrx_word' id='word_1_127' title='bbox 929 1389 962 1447; x_wconf 90' lang='lat' dir='ltr'><em>A</em></span> <span class='ocrx_word' id='word_1_128' title='bbox 983 1378 1071 1467; x_wconf 84' lang='grc' dir='ltr'><strong><em>πρὸς</em></strong></span> <span class='ocrx_word' id='word_1_129' title='bbox 1089 1380 1155 1449; x_wconf 87' lang='grc' dir='ltr'><strong><em>τὸν</em></strong></span> 
     </span>
     <span class='ocr_line' id='line_1_13' title="bbox 134 1484 1156 1574; baseline 0.003 -21"><span class='ocrx_word' id='word_1_130' title='bbox 134 1493 170 1553; x_wconf 94' lang='grc' dir='ltr'><strong><em>Κ</em></strong></span> <span class='ocrx_word' id='word_1_131' title='bbox 193 1487 249 1553; x_wconf 78' lang='grc' dir='ltr'><strong><em>καὶ</em></strong></span> <span class='ocrx_word' id='word_1_132' title='bbox 273 1486 291 1553; x_wconf 88' lang='lat'><em>6</em></span> <span class='ocrx_word' id='word_1_133' title='bbox 316 1493 350 1553; x_wconf 93' lang='grc' dir='ltr'><strong><em>Κ</em></strong></span> <span class='ocrx_word' id='word_1_134' title='bbox 371 1484 455 1571; x_wconf 85' lang='grc' dir='ltr'><strong><em>πρὸς</em></strong></span> <span class='ocrx_word' id='word_1_135' title='bbox 481 1485 542 1552; x_wconf 87' lang='grc' dir='ltr'><strong><em>τὸν</em></strong></span> <span class='ocrx_word' id='word_1_136' title='bbox 571 1492 614 1551; x_wconf 94' lang='lat' dir='ltr'><strong><em>A·</em></strong></span> <span class='ocrx_word' id='word_1_137' title='bbox 644 1486 700 1552; x_wconf 81' lang='grc' dir='ltr'><strong><em>καλ</em></strong></span> <span class='ocrx_word' id='word_1_138' title='bbox 724 1486 769 1566; x_wconf 81' lang='grc' dir='ltr'><strong><em>ὡς</em></strong></span> <span class='ocrx_word' id='word_1_139' title='bbox 792 1485 859 1573; x_wconf 77' lang='grc' dir='ltr'><strong><em>άρα</em></strong></span> <span class='ocrx_word' id='word_1_140' title='bbox 882 1486 901 1555; x_wconf 92' lang='lat'><em>6</em></span> <span class='ocrx_word' id='word_1_141' title='bbox 926 1495 958 1553; x_wconf 88' lang='lat' dir='ltr'><em>A</em></span> <span class='ocrx_word' id='word_1_142' title='bbox 980 1485 1067 1574; x_wconf 80' lang='grc' dir='ltr'><strong><em>πρὸς</em></strong></span> <span class='ocrx_word' id='word_1_143' title='bbox 1090 1486 1156 1556; x_wconf 90' lang='grc' dir='ltr'><strong><em>τὸν</em></strong></span> 
     </span>
     <span class='ocr_line' id='line_1_14' title="bbox 136 1588 1160 1679; baseline 0.003 -21"><span class='ocrx_word' id='word_1_144' title='bbox 136 1598 178 1676; x_wconf 94' lang='grc' dir='ltr'><strong><em>Κ,</em></strong></span> <span class='ocrx_word' id='word_1_145' title='bbox 204 1591 309 1670; x_wconf 83' lang='grc' dir='ltr'><strong><em>οὕτως</em></strong></span> <span class='ocrx_word' id='word_1_146' title='bbox 332 1590 350 1659; x_wconf 92' lang='lat'><em>6</em></span> <span class='ocrx_word' id='word_1_147' title='bbox 375 1598 410 1658; x_wconf 87' lang='lat' dir='ltr'><em>K</em></span> <span class='ocrx_word' id='word_1_148' title='bbox 430 1589 514 1677; x_wconf 80' lang='grc' dir='ltr'><strong><em>πρὸς</em></strong></span> <span class='ocrx_word' id='word_1_149' title='bbox 537 1588 596 1658; x_wconf 85' lang='grc' dir='ltr'><strong><em>τὸν</em></strong></span> <span class='ocrx_word' id='word_1_150' title='bbox 620 1597 651 1657; x_wconf 96' lang='lat' dir='ltr'><em>A</em></span> <span class='ocrx_word' id='word_1_151' title='bbox 673 1591 729 1658; x_wconf 82' lang='grc' dir='ltr'><strong><em>καὶ</em></strong></span> <span class='ocrx_word' id='word_1_152' title='bbox 754 1591 771 1660; x_wconf 92' lang='lat'><em>6</em></span> <span class='ocrx_word' id='word_1_153' title='bbox 796 1599 827 1657; x_wconf 92' lang='lat' dir='ltr'><em>A</em></span> <span class='ocrx_word' id='word_1_154' title='bbox 849 1590 934 1679; x_wconf 84' lang='grc' dir='ltr'><strong><em>πρὸς</em></strong></span> <span class='ocrx_word' id='word_1_155' title='bbox 955 1589 1016 1659; x_wconf 88' lang='grc' dir='ltr'><strong><em>τὸν</em></strong></span> <span class='ocrx_word' id='word_1_156' title='bbox 1035 1599 1075 1662; x_wconf 93' lang='grc' dir='ltr'><strong><em>Β.</em></strong></span> <span class='ocrx_word' id='word_1_157' title='bbox 1122 1597 1160 1661; x_wconf 82' lang='lat' dir='ltr'><strong><em>oc</em></strong></span> 
     </span>
     <span class='ocr_line' id='line_1_15' title="bbox 136 1694 1159 1784; baseline 0.006 -22"><span class='ocrx_word' id='word_1_158' title='bbox 136 1706 179 1781; x_wconf 88' lang='lat' dir='ltr'><em>A,</em></span> <span class='ocrx_word' id='word_1_159' title='bbox 198 1702 242 1781; x_wconf 89' lang='grc' dir='ltr'><strong><em>Κ,</em></strong></span> <span class='ocrx_word' id='word_1_160' title='bbox 262 1703 304 1781; x_wconf 93' lang='lat' dir='ltr'><em>A,</em></span> <span class='ocrx_word' id='word_1_161' title='bbox 323 1703 352 1763; x_wconf 93' lang='grc' dir='ltr'><strong><em>Β</em></strong></span> <span class='ocrx_word' id='word_1_162' title='bbox 371 1695 437 1784; x_wconf 81' lang='grc' dir='ltr'><strong><em>άρα</em></strong></span> <span class='ocrx_word' id='word_1_163' title='bbox 455 1694 537 1764; x_wconf 85' lang='grc' dir='ltr'><strong><em>κατά</em></strong></span> <span class='ocrx_word' id='word_1_164' title='bbox 556 1695 594 1764; x_wconf 85' lang='grc' dir='ltr'><strong><em>τὸ</em></strong></span> <span class='ocrx_word' id='word_1_165' title='bbox 614 1697 749 1784; x_wconf 78' lang='grc' dir='ltr'><strong><em>συνεχὲς</em></strong></span> <span class='ocrx_word' id='word_1_166' title='bbox 767 1698 841 1784; x_wconf 81' lang='grc' dir='ltr'><strong><em>ἑξῆς</em></strong></span> <span class='ocrx_word' id='word_1_167' title='bbox 860 1702 946 1765; x_wconf 86' lang='grc' dir='ltr'><strong><em>είσιν</em></strong></span> <span class='ocrx_word' id='word_1_168' title='bbox 970 1695 1159 1784; x_wconf 79' lang='grc' dir='ltr'><strong><em>ἀνάλογον.</em></strong></span> 
     </span>
     <span class='ocr_line' id='line_1_16' title="bbox 85 1799 1160 1892; baseline 0.007 -25"><span class='ocrx_word' id='word_1_169' title='bbox 85 1819 118 1867; x_wconf 77' lang='lat'><strong><em>15</em></strong></span> <span class='ocrx_word' id='word_1_170' title='bbox 138 1802 213 1869; x_wconf 87' lang='grc' dir='ltr'><strong><em>ὅσοι</em></strong></span> <span class='ocrx_word' id='word_1_171' title='bbox 236 1799 302 1888; x_wconf 77' lang='grc' dir='ltr'><strong><em>άρα</em></strong></span> <span class='ocrx_word' id='word_1_172' title='bbox 325 1803 483 1891; x_wconf 84' lang='grc' dir='ltr'><strong><em>ἑκατέρου</em></strong></span> <span class='ocrx_word' id='word_1_173' title='bbox 505 1807 574 1871; x_wconf 76' lang='grc' dir='ltr'><strong><em>τῶν</em></strong></span> <span class='ocrx_word' id='word_1_174' title='bbox 597 1813 640 1888; x_wconf 89' lang='lat' dir='ltr'><em>A,</em></span> <span class='ocrx_word' id='word_1_175' title='bbox 658 1811 687 1871; x_wconf 89' lang='grc' dir='ltr'><strong><em>Β</em></strong></span> <span class='ocrx_word' id='word_1_176' title='bbox 709 1805 765 1872; x_wconf 82' lang='grc' dir='ltr'><strong><em>καὶ</em></strong></span> <span class='ocrx_word' id='word_1_177' title='bbox 787 1807 847 1890; x_wconf 79' lang='grc' dir='ltr'><strong><em>τῆς</em></strong></span> <span class='ocrx_word' id='word_1_178' title='bbox 869 1810 901 1872; x_wconf 91' lang='grc' dir='ltr'><em>Γ</em></span> <span class='ocrx_word' id='word_1_179' title='bbox 924 1804 1078 1891; x_wconf 76' lang='grc' dir='ltr'><strong><em>μονάδος</em></strong></span> <span class='ocrx_word' id='word_1_180' title='bbox 1102 1833 1160 1892; x_wconf 87' lang='grc' dir='ltr'><strong><em>με·</em></strong></span> 
     </span>
     <span class='ocr_line' id='line_1_17' title="bbox 135 1905 1159 1998; baseline 0.006 -25"><span class='ocrx_word' id='word_1_181' title='bbox 135 1906 215 1988; x_wconf 82' lang='grc' dir='ltr'><strong><em>ταξύ</em></strong></span> <span class='ocrx_word' id='word_1_182' title='bbox 238 1905 321 1974; x_wconf 82' lang='grc' dir='ltr'><strong><em>κατὰ</em></strong></span> <span class='ocrx_word' id='word_1_183' title='bbox 344 1906 382 1976; x_wconf 85' lang='grc' dir='ltr'><strong><em>τὸ</em></strong></span> <span class='ocrx_word' id='word_1_184' title='bbox 407 1909 544 1996; x_wconf 69' lang='grc' dir='ltr'><strong><em>συνεχὲς</em></strong></span> <span class='ocrx_word' id='word_1_185' title='bbox 567 1906 739 1996; x_wconf 85' lang='grc' dir='ltr'><strong><em>άνάλογον</em></strong></span> <span class='ocrx_word' id='word_1_186' title='bbox 758 1912 977 1996; x_wconf 84' lang='grc' dir='ltr'><strong><em>ἐμπίπτουσιν</em></strong></span> <span class='ocrx_word' id='word_1_187' title='bbox 996 1909 1159 1998; x_wconf 74' lang='grc' dir='ltr'><strong><em>άρνδμοί,</em></strong></span> 
     </span>
    </p>
   </div>
   <div class='ocr_carea' id='block_1_3' title="bbox 135 2013 1159 2208">
    <p class='ocr_par' dir='ltr' id='par_1_3' title="bbox 135 2013 1159 2208">
     <span class='ocr_line' id='line_1_18' title="bbox 135 2013 1159 2106; baseline 0.006 -26"><span class='ocrx_word' id='word_1_188' title='bbox 135 2018 292 2083; x_wconf 85' lang='grc' dir='ltr'><strong><em>τοσοῦτοι</em></strong></span> <span class='ocrx_word' id='word_1_189' title='bbox 324 2014 380 2081; x_wconf 80' lang='grc' dir='ltr'><strong><em>καὶ</em></strong></span> <span class='ocrx_word' id='word_1_190' title='bbox 403 2018 451 2094; x_wconf 80' lang='grc' dir='ltr'><strong><em>εἰς</em></strong></span> <span class='ocrx_word' id='word_1_191' title='bbox 472 2013 553 2094; x_wconf 81' lang='grc' dir='ltr'><strong><em>τοὺς</em></strong></span> <span class='ocrx_word' id='word_1_192' title='bbox 575 2025 623 2101; x_wconf 90' lang='lat' dir='ltr'><em>A,</em></span> <span class='ocrx_word' id='word_1_193' title='bbox 643 2023 672 2083; x_wconf 90' lang='grc' dir='ltr'><strong><em>Β</em></strong></span> <span class='ocrx_word' id='word_1_194' title='bbox 694 2013 816 2102; x_wconf 82' lang='grc' dir='ltr'><strong><em>μεταξὺ</em></strong></span> <span class='ocrx_word' id='word_1_195' title='bbox 838 2013 922 2083; x_wconf 83' lang='grc' dir='ltr'><strong><em>κατά</em></strong></span> <span class='ocrx_word' id='word_1_196' title='bbox 945 2013 983 2082; x_wconf 86' lang='grc' dir='ltr'><strong><em>τὸ</em></strong></span> <span class='ocrx_word' id='word_1_197' title='bbox 1013 2017 1159 2106; x_wconf 77' lang='grc' dir='ltr'><strong><em>συνεχὲς</em></strong></span> 
     </span>
     <span class='ocr_line' id='line_1_19' title="bbox 136 2121 708 2208; baseline 0.003 -21"><span class='ocrx_word' id='word_1_198' title='bbox 136 2121 371 2205; x_wconf 79' lang='grc' dir='ltr'><strong><em>ἐμπεσοῦνται·</em></strong></span> <span class='ocrx_word' id='word_1_199' title='bbox 395 2121 478 2208; x_wconf 84' lang='grc' dir='ltr'><strong><em>ὅπερ</em></strong></span> <span class='ocrx_word' id='word_1_200' title='bbox 502 2124 571 2188; x_wconf 79' lang='grc' dir='ltr'><strong><em>ἔδει</em></strong></span> <span class='ocrx_word' id='word_1_201' title='bbox 594 2123 708 2202; x_wconf 83' lang='grc' dir='ltr'><strong><em>δείξαι.</em></strong></span> 
     </span>
    </p>
   </div>
   <div class='ocr_carea' id='block_1_4' title="bbox 18 2324 1157 3318">
    <p class='ocr_par' dir='ltr' id='par_1_4' title="bbox 18 2324 1157 3318">
     <span class='ocr_line' id='line_1_20' title="bbox 612 2324 670 2364; baseline 0 0"><span class='ocrx_word' id='word_1_202' title='bbox 612 2324 670 2364; x_wconf 83' lang='grc' dir='ltr'><strong><em>ια.</em></strong></span> 
     </span>
     <span class='ocr_line' id='line_1_21' title="bbox 83 2397 1157 2490; baseline 0.004 -20"><span class='ocrx_word' id='word_1_203' title='bbox 83 2423 118 2471; x_wconf 80' lang='lat'><strong><em>20</em></strong></span> <span class='ocrx_word' id='word_1_204' title='bbox 205 2402 291 2470; x_wconf 85' lang='grc' dir='ltr'><strong><em>Δύο</em></strong></span> <span class='ocrx_word' id='word_1_205' title='bbox 320 2403 579 2488; x_wconf 76' lang='grc' dir='ltr'><strong><em>τετραγώνων</em></strong></span> <span class='ocrx_word' id='word_1_206' title='bbox 606 2405 789 2490; x_wconf 75' lang='grc' dir='ltr'><strong><em>άμιδμῶν</em></strong></span> <span class='ocrx_word' id='word_1_207' title='bbox 818 2397 873 2483; x_wconf 84' lang='grc' dir='ltr'><strong><em>εἷς</em></strong></span> <span class='ocrx_word' id='word_1_208' title='bbox 905 2405 1021 2490; x_wconf 82' lang='grc' dir='ltr'><strong><em>μίσος</em></strong></span> <span class='ocrx_word' id='word_1_209' title='bbox 1054 2403 1157 2475; x_wconf 91' lang='grc' dir='ltr'><strong><em>άνά-</em></strong></span> 
     </span>
     <span class='ocr_line' id='line_1_22' title="bbox 137 2506 1157 2599; baseline 0.006 -24"><span class='ocrx_word' id='word_1_210' title='bbox 137 2507 258 2593; x_wconf 81' lang='grc' dir='ltr'><strong><em>λογόν</em></strong></span> <span class='ocrx_word' id='word_1_211' title='bbox 286 2511 394 2576; x_wconf 89' lang='grc' dir='ltr'><strong><em>ἐστιν</em></strong></span> <span class='ocrx_word' id='word_1_212' title='bbox 422 2506 610 2596; x_wconf 77' lang='grc' dir='ltr'><strong><em>ἀριθμός,</em></strong></span> <span class='ocrx_word' id='word_1_213' title='bbox 640 2510 705 2576; x_wconf 83' lang='grc' dir='ltr'><strong><em>καλ</em></strong></span> <span class='ocrx_word' id='word_1_214' title='bbox 734 2509 752 2578; x_wconf 91' lang='lat'><em>6</em></span> <span class='ocrx_word' id='word_1_215' title='bbox 782 2511 1030 2596; x_wconf 82' lang='grc' dir='ltr'><strong><em>τετράγωνος</em></strong></span> <span class='ocrx_word' id='word_1_216' title='bbox 1053 2511 1157 2599; x_wconf 84' lang='grc' dir='ltr'><strong><em>πρὸς</em></strong></span> 
     </span>
     <span class='ocr_line' id='line_1_23' title="bbox 18 2610 1155 2706; baseline 0.009 -28"><span class='ocrx_word' id='word_1_217' title='bbox 18 2692 24 2701; x_wconf 38' lang='lat'>‚</span> <span class='ocrx_word' id='word_1_218' title='bbox 136 2610 205 2680; x_wconf 88' lang='grc' dir='ltr'><strong><em>τὸν</em></strong></span> <span class='ocrx_word' id='word_1_219' title='bbox 233 2613 485 2700; x_wconf 80' lang='grc' dir='ltr'><strong><em>τετράγωνον</em></strong></span> <span class='ocrx_word' id='word_1_220' title='bbox 518 2619 758 2684; x_wconf 84' lang='grc' dir='ltr'><strong><em>διπλασίονα</em></strong></span> <span class='ocrx_word' id='word_1_221' title='bbox 790 2614 910 2701; x_wconf 78' lang='grc' dir='ltr'><strong><em>λόγον</em></strong></span> <span class='ocrx_word' id='word_1_222' title='bbox 939 2620 1017 2702; x_wconf 81' lang='grc' dir='ltr'><strong><em>ἔχει</em></strong></span> <span class='ocrx_word' id='word_1_223' title='bbox 1051 2615 1155 2706; x_wconf 79' lang='grc' dir='ltr'><strong><em>ἥπερ</em></strong></span> 
     </span>
     <span class='ocr_line' id='line_1_24' title="bbox 136 2717 751 2807; baseline 0.007 -23"><span class='ocrx_word' id='word_1_224' title='bbox 136 2717 157 2804; x_wconf 81' lang='grc' dir='ltr'><em>ἡ</em></span> <span class='ocrx_word' id='word_1_225' title='bbox 180 2719 330 2805; x_wconf 81' lang='grc' dir='ltr'><strong><em>πλευρὰ</em></strong></span> <span class='ocrx_word' id='word_1_226' title='bbox 354 2719 450 2807; x_wconf 81' lang='grc' dir='ltr'><strong><em>πρὸς</em></strong></span> <span class='ocrx_word' id='word_1_227' title='bbox 473 2719 544 2807; x_wconf 80' lang='grc' dir='ltr'><strong><em>τὴν</em></strong></span> <span class='ocrx_word' id='word_1_228' title='bbox 566 2721 751 2807; x_wconf 79' lang='grc' dir='ltr'><strong><em>πλευράν.</em></strong></span> 
     </span>
     <span class='ocr_line' id='line_1_25' title="bbox 194 2823 1154 2915; baseline 0.008 -24"><span class='ocrx_word' id='word_1_229' title='bbox 194 2823 369 2892; x_wconf 83' lang='grc' dir='ltr'><strong><em>Ἔστωσαν</em></strong></span> <span class='ocrx_word' id='word_1_230' title='bbox 399 2825 601 2914; x_wconf 76' lang='grc' dir='ltr'><strong><em>τετράγωνοι</em></strong></span> <span class='ocrx_word' id='word_1_231' title='bbox 629 2824 770 2915; x_wconf 74' lang='grc' dir='ltr'><strong><em>ἀριθμοὶ</em></strong></span> <span class='ocrx_word' id='word_1_232' title='bbox 799 2831 834 2895; x_wconf 75' lang='lat' dir='ltr'><strong><em>oc</em></strong></span> <span class='ocrx_word' id='word_1_233' title='bbox 858 2837 905 2914; x_wconf 90' lang='lat' dir='ltr'><em>A,</em></span> <span class='ocrx_word' id='word_1_234' title='bbox 925 2835 970 2914; x_wconf 92' lang='lat' dir='ltr'><strong><em>B,</em></strong></span> <span class='ocrx_word' id='word_1_235' title='bbox 1002 2829 1059 2895; x_wconf 82' lang='grc' dir='ltr'><strong><em>καὶ</em></strong></span> <span class='ocrx_word' id='word_1_236' title='bbox 1086 2837 1154 2899; x_wconf 82' lang='grc' dir='ltr'><strong><em>τοῦ</em></strong></span> 
     </span>
     <span class='ocr_line' id='line_1_26' title="bbox 82 2928 1155 3021; baseline 0.008 -25"><span class='ocrx_word' id='word_1_237' title='bbox 82 2955 117 3004; x_wconf 79' lang='lat'><strong><em>25</em></strong></span> <span class='ocrx_word' id='word_1_238' title='bbox 136 2929 197 3015; x_wconf 75' lang='grc' dir='ltr'><strong><em>μὲν</em></strong></span> <span class='ocrx_word' id='word_1_239' title='bbox 225 2938 257 2996; x_wconf 91' lang='lat' dir='ltr'><em>A</em></span> <span class='ocrx_word' id='word_1_240' title='bbox 283 2930 409 3017; x_wconf 82' lang='grc' dir='ltr'><strong><em>πλευρὰ</em></strong></span> <span class='ocrx_word' id='word_1_241' title='bbox 438 2937 521 2999; x_wconf 82' lang='grc' dir='ltr'><strong><em>ἔστω</em></strong></span> <span class='ocrx_word' id='word_1_242' title='bbox 551 2928 568 2999; x_wconf 92' lang='lat'><em>6</em></span> <span class='ocrx_word' id='word_1_243' title='bbox 593 2938 636 3017; x_wconf 88' lang='grc' dir='ltr'><strong><em>Γ,</em></strong></span> <span class='ocrx_word' id='word_1_244' title='bbox 660 2936 723 2999; x_wconf 82' lang='grc' dir='ltr'><strong><em>τοῦ</em></strong></span> <span class='ocrx_word' id='word_1_245' title='bbox 748 2931 785 2999; x_wconf 70' lang='grc' dir='ltr'><strong><em>δὲ</em></strong></span> <span class='ocrx_word' id='word_1_246' title='bbox 807 2940 836 2998; x_wconf 95' lang='grc' dir='ltr'><strong><em>Β</em></strong></span> <span class='ocrx_word' id='word_1_247' title='bbox 860 2929 878 3000; x_wconf 93' lang='lat'><em>6</em></span> <span class='ocrx_word' id='word_1_248' title='bbox 903 2941 950 2999; x_wconf 90' lang='lat' dir='ltr'><strong><em>A·</em></strong></span> <span class='ocrx_word' id='word_1_249' title='bbox 977 2937 1072 3021; x_wconf 80' lang='grc' dir='ltr'><strong><em>λέγω,</em></strong></span> <span class='ocrx_word' id='word_1_250' title='bbox 1099 2937 1155 3005; x_wconf 82' lang='grc' dir='ltr'><strong><em>ὅτι</em></strong></span> 
     </span>
     <span class='ocr_line' id='line_1_27' title="bbox 135 3021 1153 3126; baseline 0.008 -23"><span class='ocrx_word' id='word_1_251' title='bbox 135 3040 204 3105; x_wconf 76' lang='grc' dir='ltr'><strong><em>τῶν</em></strong></span> <span class='ocrx_word' id='word_1_252' title='bbox 227 3046 274 3122; x_wconf 90' lang='grc' dir='ltr'><strong><em>Α,</em></strong></span> <span class='ocrx_word' id='word_1_253' title='bbox 293 3044 322 3104; x_wconf 95' lang='grc' dir='ltr'><strong><em>Β</em></strong></span> <span class='ocrx_word' id='word_1_254' title='bbox 346 3030 393 3117; x_wconf 80' lang='grc' dir='ltr'><strong><em>εἷς</em></strong></span> <span class='ocrx_word' id='word_1_255' title='bbox 416 3040 516 3124; x_wconf 84' lang='grc' dir='ltr'><strong><em>μέσος</em></strong></span> <span class='ocrx_word' id='word_1_256' title='bbox 538 3036 711 3124; x_wconf 79' lang='grc' dir='ltr'><strong><em>ἀνάλογόν</em></strong></span> <span class='ocrx_word' id='word_1_257' title='bbox 735 3041 825 3106; x_wconf 85' lang='grc' dir='ltr'><strong><em>ἐστιν</em></strong></span> <span class='ocrx_word' id='word_1_258' title='bbox 852 3036 1014 3126; x_wconf 75' lang='grc' dir='ltr'><strong><em>ἀριθμός,</em></strong></span> <span class='ocrx_word' id='word_1_259' title='bbox 1044 3042 1103 3108; x_wconf 80' lang='grc' dir='ltr'><strong><em>καὶ</em></strong></span> <span class='ocrx_word' id='word_1_260' title='bbox 1130 3021 1153 3112; x_wconf 76' lang='lat'><em>6</em></span> 
     </span>
     <span class='ocr_line' id='line_1_28' title="bbox 136 3141 1155 3234; baseline 0.005 -24"><span class='ocrx_word' id='word_1_261' title='bbox 136 3152 168 3210; x_wconf 88' lang='lat' dir='ltr'><em>A</em></span> <span class='ocrx_word' id='word_1_262' title='bbox 189 3141 273 3230; x_wconf 81' lang='grc' dir='ltr'><strong><em>πρὸς</em></strong></span> <span class='ocrx_word' id='word_1_263' title='bbox 295 3142 356 3211; x_wconf 88' lang='grc' dir='ltr'><strong><em>τὸν</em></strong></span> <span class='ocrx_word' id='word_1_264' title='bbox 379 3150 409 3210; x_wconf 91' lang='grc' dir='ltr'><strong><em>Β</em></strong></span> <span class='ocrx_word' id='word_1_265' title='bbox 432 3149 633 3213; x_wconf 90' lang='grc' dir='ltr'><strong><em>διπλασίονα</em></strong></span> <span class='ocrx_word' id='word_1_266' title='bbox 655 3143 759 3230; x_wconf 79' lang='grc' dir='ltr'><strong><em>λόγον</em></strong></span> <span class='ocrx_word' id='word_1_267' title='bbox 784 3150 849 3231; x_wconf 84' lang='grc' dir='ltr'><strong><em>ἔχει</em></strong></span> <span class='ocrx_word' id='word_1_268' title='bbox 871 3145 956 3234; x_wconf 80' lang='grc' dir='ltr'><strong><em>ἥπερ</em></strong></span> <span class='ocrx_word' id='word_1_269' title='bbox 977 3144 994 3214; x_wconf 91' lang='lat'><em>6</em></span> <span class='ocrx_word' id='word_1_270' title='bbox 1014 3152 1046 3214; x_wconf 89' lang='grc' dir='ltr'><strong><em>Γ</em></strong></span> <span class='ocrx_word' id='word_1_271' title='bbox 1064 3148 1155 3234; x_wconf 79' lang='grc' dir='ltr'><strong><em>πρὸς</em></strong></span> 
     </span>
     <span class='ocr_line' id='line_1_29' title="bbox 134 3248 260 3318; baseline 0.008 -2"><span class='ocrx_word' id='word_1_272' title='bbox 134 3248 194 3317; x_wconf 83' lang='grc' dir='ltr'><strong><em>τὸν</em></strong></span> <span class='ocrx_word' id='word_1_273' title='bbox 218 3258 260 3318; x_wconf 84' lang='grc' dir='ltr'><strong><em>Δ.</em></strong></span> 
     </span>
    </p>
   </div>
   <div class='ocr_carea' id='block_1_5' title="bbox 136 3424 1154 3570">
    <p class='ocr_par' dir='ltr' id='par_1_5' title="bbox 136 3424 1154 3570">
     <span class='ocr_line' id='line_1_30' title="bbox 209 3424 1154 3502; baseline 0.01 -23"><span class='ocrx_word' id='word_1_274' title='bbox 209 3424 649 3495; x_wconf 74' lang='grc' dir='ltr'><strong><em>1.ιιαλπάλιν,δο1ειλοκαίΡ.</em></strong></span> <span class='ocrx_word' id='word_1_275' title='bbox 732 3435 770 3496; x_wconf 91' lang='lat' dir='ltr'><em>A,</em></span> <span class='ocrx_word' id='word_1_276' title='bbox 790 3430 829 3500; x_wconf 89' lang='lat' dir='ltr'><strong><em>Z]</em></strong></span> <span class='ocrx_word' id='word_1_277' title='bbox 849 3433 928 3497; x_wconf 85' lang='lat' dir='ltr'><em>Z,A</em></span> <span class='ocrx_word' id='word_1_278' title='bbox 945 3429 977 3482; x_wconf 92' lang='lat' dir='ltr'><strong><em>B.</em></strong></span> <span class='ocrx_word' id='word_1_279' title='bbox 1015 3437 1039 3485; x_wconf 78' lang='lat'><strong><em>3.</em></strong></span> <span class='ocrx_word' id='word_1_280' title='bbox 1060 3431 1154 3502; x_wconf 90' lang='lat' dir='ltr'><strong>Z]in</strong></span> 
     </span>
     <span class='ocr_line' id='line_1_31' title="bbox 136 3495 1152 3570; baseline 0.009 -21"><span class='ocrx_word' id='word_1_281' title='bbox 136 3512 190 3550; x_wconf 77' lang='lat' dir='ltr'>ras.</span> <span class='ocrx_word' id='word_1_282' title='bbox 216 3516 246 3564; x_wconf 89' lang='grc' dir='ltr'><strong><em>φ.</em></strong></span> <span class='ocrx_word' id='word_1_283' title='bbox 321 3503 362 3551; x_wconf 86' lang='grc'><strong><em>10.</em></strong></span> <span class='ocrx_word' id='word_1_284' title='bbox 384 3495 503 3567; x_wconf 80' lang='grc' dir='ltr'><strong><em>ἐδείχθη</em></strong></span> <span class='ocrx_word' id='word_1_285' title='bbox 527 3499 576 3570; x_wconf 76' lang='grc' dir='ltr'><strong><em>δέ]</em></strong></span> <span class='ocrx_word' id='word_1_286' title='bbox 600 3517 657 3569; x_wconf 84' lang='lat' dir='ltr'><strong><em>mg.</em></strong></span> <span class='ocrx_word' id='word_1_287' title='bbox 681 3519 712 3568; x_wconf 83' lang='grc' dir='ltr'><strong><em>φ.</em></strong></span> <span class='ocrx_word' id='word_1_288' title='bbox 788 3507 829 3555; x_wconf 81' lang='lat'><strong><em>12.</em></strong></span> <span class='ocrx_word' id='word_1_289' title='bbox 848 3500 895 3555; x_wconf 79' lang='grc' dir='ltr'><strong><em>καλ</em></strong></span> <span class='ocrx_word' id='word_1_290' title='bbox 918 3496 956 3564; x_wconf 77' lang='grc' dir='ltr'><strong><em>ὥς</em></strong></span> <span class='ocrx_word' id='word_1_291' title='bbox 978 3497 1086 3570; x_wconf 82' lang='grc' dir='ltr'><strong><em>άρα-</em></strong></span> <span class='ocrx_word' id='word_1_292' title='bbox 1102 3508 1152 3558; x_wconf 86' lang='lat'><strong><em>13:</em></strong></span> 
     </span>
    </p>
   </div>
   <div class='ocr_carea' id='block_1_6' title="bbox 69 3660 166 3688">
    <p class='ocr_par' dir='ltr' id='par_1_6' title="bbox 69 3660 166 3688">
     <span class='ocr_line' id='line_1_32' title="bbox 69 3660 166 3688; baseline 0 0"><span class='ocrx_word' id='word_1_293' title='bbox 69 3660 166 3688; x_wconf 41' lang='grc' dir='ltr'>ᾖ</span> 
     </span>
    </p>
   </div>
   <div class='ocr_carea' id='block_1_7' title="bbox 0 0 1228 3938">
    <p class='ocr_par' dir='ltr' id='par_1_7' title="bbox 0 0 1228 3938">
     <span class='ocr_line' id='line_1_33' title="bbox 0 0 1228 3938; baseline 0 1"><span class='ocrx_word' id='word_1_294' title='bbox 0 0 1228 3938; x_wconf 95' lang='lat' dir='ltr'><strong><em> </em></strong></span> 
     </span>
    </p>
   </div>
  </div>
 </body>
</html>
