2446 3938
104 211 147 274 12
455 208 682 261 ,Σνοικωσεα
701 204 738 261 ε’.
795 167 823 189 ”

584 377 628 436 γ.

111 466 118 481 “
167 454 256 524 Ἐάν
283 460 440 543 πρῶτον
470 459 661 543 δευτέρου
689 454 820 534 ἰσάκις
846 446 868 542 ᾖ
892 453 1113 521 πολλαπλά-

104 583 194 630 σιον
224 564 288 630 καί
319 567 457 648 τρίτον
488 562 694 650 τετάρτου,
731 563 866 649 ληφθῇ
904 559 946 627 δὲ
984 560 1115 641 ἰσάκις

104 669 382 736 πολλαπλάσια
413 673 483 737 τοῦ
515 695 555 737 τε
587 667 744 754 πράτου
775 667 839 735 καί
866 673 1018 752 τρίτου,
1050 668 1115 734 καί

70 772 156 842 δάι’
192 783 282 842 ἰσου
319 779 397 844 τῶν
429 777 668 862 ληφθέντων
704 775 891 860 ἑκάτερον
927 774 1116 861 ἑκατέρου

105 879 235 959 ἰσάκις
263 886 372 948 ἔσται
399 879 700 949 πολλαπλάσιον
728 878 769 947 τό
794 878 864 966 μὲν
887 884 957 947 τοῦ
981 881 1115 948 δευτέ-

105 1012 176 1072 ρου
199 985 240 1053 τὸ
266 987 308 1054 δὲ
330 991 400 1054 τοῦ
422 976 678 1102 τετάρτουῇ

171 1096 314 1179 Πρῶτον
346 1090 410 1180 γὰρ
437 1092 476 1161 τὸ
504 1101 537 1159 A
565 1088 724 1179 δευτέρον
751 1095 812 1159 τοῦ
838 1098 867 1158 Β
896 1091 1003 1172 ἰσάκις
1031 1098 1114 1160 ἔστω

104 1198 356 1266 πολλαπλάσιον
383 1199 439 1264 καί
467 1204 581 1284 τρίτον
609 1196 646 1264 τὸ
670 1203 701 1264 Γ
720 1196 880 1283 τετάρτου
906 1201 968 1265 τοῦ
992 1199 1114 1282 Δ,καί

70 1316 86 1364 0
104 1303 258 1391 εἰλήφθω
287 1308 355 1371 τῶν
378 1313 426 1390 A,
440 1309 473 1371 Γ
492 1303 600 1383 ἰσάκις
622 1307 853 1371 πολλαπλάσια
875 1300 914 1371 τά
941 1311 1019 1388 ΕΖ,
1033 1311 1114 1372 ΗΘ·

104 1412 205 1495 λέγω,
229 1407 281 1477 ὅτι
305 1409 413 1490 ἰσάκις
437 1411 505 1477 ἐστί
524 1409 774 1477 πολλαπλάσιον
793 1407 831 1477 τὸ
852 1417 914 1476 ΕΖ
932 1414 993 1477 τοῦ
1011 1417 1040 1477 Β
1058 1411 1114 1477 καὶ

103 1514 142 1583 τὸ
165 1523 234 1583 ΗΘ
256 1519 317 1585 τοῦ
341 1527 383 1584 A.
411 1541 412 1545 ¹

82 1628 89 1639 '
169 1619 257 1688 Ἐπεί
287 1619 352 1709 γάρ
381 1621 489 1702 ἰσάκις
522 1622 590 1690 ἐστί
618 1620 871 1689 πολλαπλάσιον
898 1620 935 1690 τὸ
964 1629 1027 1689 ΕΖ
1053 1627 1116 1690 τοῦ

104 1737 136 1794 A
164 1729 220 1795 καί
246 1725 285 1795 τὸ
310 1734 378 1798 ΗΘ
400 1732 462 1795 τοῦ
485 1733 528 1812 Γ,
552 1725 615 1795 ὅσα
639 1726 705 1813 άρα
728 1727 820 1795 ἐστὶν
842 1728 880 1795 ἐν
903 1730 948 1819 τῷ
972 1735 1034 1796 ΕΖ
1058 1737 1115 1796 ἰσα

66 1851 86 1900 ,ο
105 1837 151 1924 τῷ
175 1842 221 1919 A,
245 1837 391 1902 τοσαῦτα
414 1821 469 1900 καί
494 1837 599 1927 ἐντῷ
622 1840 690 1902 ΗΘ
713 1837 838 1925 ἰσατῷ
862 1839 898 1901 Γ.
936 1833 1114 1922 διῃρήσθω

104 1936 142 2007 τὸ
170 1939 232 2025 μὲν
255 1946 318 2006 ΕΖ
337 1944 384 2019 εἰς
406 1938 447 2007 τὰ
469 1943 515 2032 τῷ
539 1951 571 2008 A
593 1942 718 2027 μεγέθη
743 1947 799 2007 ἰσα
821 1937 863 2006 τά
882 1944 965 2024 ΕΚ,
980 1944 1056 2027 ΚΖ,
1075 1941 1114 2008 τὸ

105 2044 144 2112 δὲ
160 2052 230 2112 ΗΘ
248 2050 295 2126 εἰς
317 2044 358 2113 τὰ
381 2049 427 2135 τῷ
451 2051 484 2113 Γ
502 2054 558 2114 ἰσα
580 2045 620 2114 τά
640 2053 723 2132 HA,
738 2053 815 2114 ΛΘ·
848 2050 939 2113 ἔσται
968 2044 1010 2133 δὴ
1038 2055 1115 2120 ἰσον.

103 2148 141 2219 τὸ
174 2157 306 2239 πλῆθος
327 2157 411 2222 τάν
428 2158 591 2237 ΕΚ,ΚΖ
623 2157 668 2244 τῷ
692 2151 815 2238 πλήθει
843 2154 912 2218 τῶν
939 2158 1115 2236 ΗΛ,ΛΘ.

104 2260 160 2325 καί
189 2260 258 2327 ἐπεὶ
287 2259 395 2340 ἰσάκις
423 2260 492 2327 ἐστὶ
519 2257 770 2326 πολλαπλάσιον
797 2255 834 2323 τὸ
864 2265 896 2324 Α
923 2261 984 2326 τοῦ
1007 2266 1036 2325 Β
1058 2260 1116 2326 καὶ

69 2363 142 2432 0τό
167 2370 200 2432 Γ
217 2369 278 2434 τοῦ
303 2374 351 2451 'A,
380 2373 455 2432 ἰσον
480 2362 517 2431 δὲ
539 2363 577 2431 τὸ
600 2361 664 2449 μὲν
687 2367 757 2429 ΕΚ
777 2366 822 2454 τῷ
846 2371 893 2448 A,
921 2361 959 2433 τὸ
984 2364 1022 2432 δὲ
1044 2372 1116 2432 HA

104 2474 149 2561 τῷ
173 2476 217 2554 Γ,
246 2469 354 2549 ἰσάκις
381 2468 446 2556 άρα
475 2470 544 2536 ἐστί
570 2467 822 2537 πολλαπλάσιον
849 2468 887 2537 τὸ
911 2476 981 2537 ΕΚ
1001 2474 1063 2538 τοῦ
1085 2478 1115 2538 Β

103 2566 159 2642 καί
187 2575 225 2642 τί)
253 2582 326 2641 HA
357 2578 419 2641 τοῦ
452 2581 493 2641 A.
544 2572 600 2641 διὰ
628 2572 668 2642 τά
703 2571 787 2643 αὐτὰ
822 2574 864 2662 δὴ
903 2574 1013 2655 ἰσάκις
1045 2578 1114 2644 ἐστί

104 2679 355 2748 πολλαπλάσιον
377 2677 415 2747 τὸ
440 2685 505 2746 ΚΖ
528 2684 589 2748 τοῦ
611 2681 715 2748 Βκαί
738 2679 776 2749 τὸ
796 2688 861 2749 ΛΘ
879 2685 940 2748 τοῦ
959 2690 1012 2757 A„
1044 2684 1114 2749 ἐπεὶ

106 2778 168 2854 οὖν
187 2789 321 2874 πρῶτον
339 2784 376 2853 τὸ
397 2793 465 2853 ΕΚ
483 2787 643 2872 δευτέρου
660 2791 722 2855 τοῦ
741 2792 770 2854 Β
785 2787 894 2866 ἰσάκις
912 2787 981 2854 ἐστὶ
994 2795 1115 2856 πολλα·

66 2907 86 2957 σ
104 2891 249 2960 πλάσιον
271 2892 326 2959 καί
349 2896 470 2980 τρίτον·
486 2890 523 2959 τὸ
546 2898 618 2959 ΗΛ
640 2895 800 2980 τετάρτου
827 2895 889 2959 τοῦ
912 2900 960 2978 A,
985 2897 1054 2971 ἔστι
1078 2895 1116 2962 δὲ

102 2997 159 3065 καί
190 2998 338 3083 πέμπτον
365 2995 403 3066 τὸ
432 3003 498 3065 ΚΖ
527 2999 686 3084 δευτέρου
712 3002 773 3065 τοῦ
801 3003 830 3065 Β
859 2997 968 3079 ἰσάκις
994 3007 1116 3068 πολλα-

102 3102 247 3171 πλάσιον
269 3104 325 3171 καί
349 3105 445 3172 ἕκτον
467 3102 506 3172 τὸ
531 3111 596 3171 ΛΘ
618 3103 777 3191 τετάρτου
799 3106 861 3171 τοῦ
885 3113 934 3188 A,
955 3105 1012 3171 καί
1036 3125 1117 3175 συν-

176 3271 201 3318 4,
220 3263 263 3335 τε]
283 3280 337 3318 om.
357 3262 444 3334 BVp.
517 3268 560 3318 10.
580 3260 765 3333 εἰλήφθωσαν
782 3281 810 3333 p.
884 3270 925 3318 11.
946 3259 1038 3326 ἰσάκις
1057 3260 1117 3319 ἐστὶ

77 3331 324 3406 ·’πολλαπλάωον]
350 3330 523 3390 ὁσαπλάσιον
545 3334 575 3391 Ρ.
667 3333 756 3388 Bin
778 3351 823 3389 ras
842 3334 873 3390 F.
962 3340 1007 3420 ,14.
1027 3329 1115 3406 ἐστίν]

79 3407 245 3547 ”HQ
264 3405 504 3531 15⁰5ss.m2;0.²21'·v.
526 3403 1066 3547 ·Ῑλοῗ’λ]]ἰλσλὲἴιςίλλλλιλ
1081 3406 1115 3532 λς

138 3552 180 3602 22.
201 3543 276 3604 ἐστίν
295 3545 323 3602 P.
397 3553 445 3602 23:
459 3547 511 3601 τοῦ
529 3548 568 3619 A]
587 3551 688 3617 postea
707 3547 770 3601 add.
789 3546 819 3602 Ε.
892 3551 934 3600 λδ.
955 3541 1029 3601 ἐστίν
1048 3545 1078 3599 Ρ.

112 3676 523 3800 θωηιακφνλια
