2446 3938
35 272 40 281 Ι
144 184 208 250 146
525 187 727 239 Συουτυιου
745 183 786 240 ς’.

143 332 226 395 ἔστω
254 332 374 414 μείζων
401 324 422 414 ἡ
451 334 520 395 ΡΠ
543 332 601 415 τῆς
627 335 704 396 ΘΗ
754 329 810 396 καὶ
835 330 912 397 ἐκεί
941 330 1032 397 ἐστιν
1060 327 1107 411 ώς
1138 328 1160 418 ἡ

143 441 211 501 ΡΠ
239 431 323 521 πρὸς
354 438 441 520 ΠΣ,
479 432 585 515 οὕτως
621 431 642 521 ἡ
670 442 744 502 ΘΗ
769 435 852 523 πρὸς
883 433 946 522 τὴν
978 442 1068 522 ΗΝ,
1103 437 1161 505 καὶ

143 540 295 626 εὐαλλιίξ,
319 538 365 620 ώς
386 535 407 627 ἡ
431 547 500 608 ΡΠ
519 539 603 628 πρὸς
620 539 682 627 τὴν
702 548 783 627 ΘΗ,
808 539 914 622 οὕτως
936 539 957 628 ἡ
981 549 1057 610 ΠΣ
1076 542 1162 632 πρὸς

142 646 204 733 τὴν
236 653 326 734 ΗΝ,
359 655 478 734 μείζων
511 648 548 716 δὲ
579 645 600 736 ἡ
633 655 702 715 ΠΡ
729 652 788 736 τῆς
820 655 902 735 ΘΗ,
939 655 1060 735 μείζων
1092 648 1160 740 ίίρα

107 754 197 823 ὁκαὶ
220 751 242 841 ἡ
265 760 340 822 ΠΣ
359 757 418 841 τῆς
440 761 527 822 ΗΝ·
551 752 635 823 ώστε
657 756 713 823 καὶ
737 752 774 823 τὸ
794 761 859 821 ΡΣ
876 754 989 842 μεῖζόν
1009 758 1079 824 ἐστι
1097 759 1159 826 τοῦ

142 867 218 930 ΘΝ.
259 859 418 930 ἀλλὰκαὶ
438 869 528 930 ίσον·
552 859 633 950 ὅπερ
652 860 833 930 ἀδύνατον.
876 859 938 931 οὐκ
956 861 1023 952 ίιρα
1041 862 1161 943 ίίνισός

143 970 233 1036 ἐστιν
255 965 276 1054 ἡ
300 974 369 1035 ΠΡ
387 971 427 1056 τῇ
451 974 531 1036 ΗΘ·
555 977 609 1055 ἴση
634 967 711 1055 ἄρα·
736 967 816 1057 ὅπερ
841 973 909 1037 ἔδει
924 956 1061 1054 δεῖξαι]

618 1173 681 1232 κγ.

212 1269 264 1338 T&
280 1269 471 1356 ἰσογώνια
484 1269 876 1359 παραλληλόγραμμα
890 1269 988 1358 πρὸς
1006 1267 1157 1356 ἄλληλα

89 1396 122 1445 10
141 1377 262 1464 λόγον
290 1381 369 1465 ἔχει
396 1375 466 1443 τὸν
494 1382 754 1463 συγκείμενον
783 1378 824 1444 ἐκ
854 1378 932 1444 τω”ν
964 1380 1158 1463 πλευρῶν.

199 1482 307 1551 Ἔστω
326 1480 488 1567 ἰσογώνια
509 1481 837 1571 παραλληλόγραμμα
853 1481 894 1550 τὰ
912 1488 988 1569 ΛΓ,
1002 1487 1063 1551 ΓΖ
1078 1491 1158 1569 ίσην

141 1593 260 1675 ἔχοντα
286 1585 348 1674 τὴν
376 1584 442 1654 ὑπὸ
470 1593 571 1655 ΒΓΔ
601 1593 729 1674 γωνίαν
756 1591 796 1677 τῇ
824 1585 890 1657 ὑπὸ
918 1594 1034 1656 ΕΓΗ·
1057 1589 1158 1676 λέγω,

141 1691 192 1762 ὅτι
215 1691 253 1761 τὸ
276 1699 345 1761 ΛΓ
363 1692 711 1781 παραλληλόγραμμον
738 1692 821 1781 πρὸς
842 1692 880 1762 τὸ
905 1700 968 1762 ΓΖ
989 1702 1159 1783 παραλλη-

140 1798 336 1887 λόγραμμον
353 1798 458 1887 λόγου
477 1797 616 1887 ἔχειτὸν
631 1805 850 1887 συγκείμενον
865 1802 901 1868 ἐκ
914 1803 1156 1889 τῶνπλευρῶν.

88 1925 120 1974 15
207 1910 345 1974 Κείσθω
373 1905 437 1993 γὰρ
466 1902 550 1973 ώστε
577 1901 629 1973 ἐπ’
660 1902 795 1986 εὐθείας
822 1903 909 1974 είυαι
937 1903 999 1993 τὴν
1026 1911 1092 1974 ΒΓ
1116 1911 1157 1996 τῇ

139 2015 218 2079 ΓΗ·
252 2009 301 2079 ἐτ’
332 2009 467 2093 εὐθείας
493 2010 560 2101 ίίρα
587 2012 657 2080 ἐστὶ
683 2013 739 2080 καὶ
766 2009 787 2099 ἡ
816 2019 887 2080 ΔΓ
909 2016 950 2102 τῇ
978 2018 1050 2081 ΓΕ.
1100 2014 1158 2081 καὶ

139 2118 437 2206 συμπεπληρώσθω
465 2117 503 2187 τὸ
529 2125 607 2187 ΔΗ
630 2117 994 2208 παραλληλόγραμμον,
1021 2119 1078 2186 καὶ
1106 2121 1158 2188 ἐκ·

138 2230 263 2293 κείσθω
287 2250 336 2305 τις
359 2222 477 2293 εὐθεῖα
500 2220 521 2311 ἡ
545 2231 593 2310 Κ,
622 2224 678 2291 καὶ
706 2226 871 2311 γεγονέτω
895 2223 941 2305 ώς
964 2223 1025 2312 μὲν
1048 2221 1069 2312 ἡ
1092 2230 1162 2293 ΒΓ

137 2330 221 2418 πρὸς
244 2328 306 2418 τὴν
329 2336 407 2416 ΓΗ,
431 2331 536 2410 οὕτως
558 2327 580 2416 ἡ
604 2336 639 2397 Κ
659 2328 742 2419 πρὸς
764 2328 827 2417 τὴν
850 2337 892 2416 A,
916 2327 961 2410 ώς
984 2329 1023 2398 δὲ
1045 2327 1066 2416 ἡ
1088 2337 1162 2398 ΔΓ

86 2458 119 2506 20
137 2436 220 2525 πρὸς
243 2435 305 2523 τὴν
328 2442 405 2523 ΓΕ,
430 2434 535 2516 οὕτως
558 2433 581 2523 ἡ
603 2442 635 2502 A
656 2435 739 2524 πρὸς
761 2434 824 2524 τὴν
848 2444 895 2506 Μ.

207 2548 251 2611 OC
277 2541 342 2631 ἄρα
369 2542 466 2630 λόγοι
493 2546 552 2628 τῆς
578 2568 613 2610 τε
641 2548 676 2609 Κ
702 2540 786 2630 πρὸς
812 2540 874 2629 τὴν
898 2550 930 2609 A
951 2543 1007 2610 καὶ
1034 2545 1094 2629 τῆς
1123 2549 1155 2610 Λ

137 2650 221 2740 πρὸς
247 2648 310 2735 τὴν
333 2656 378 2716 Μ
396 2651 432 2716 οί
457 2646 557 2716 αὐτοί
576 2651 641 2715 είσι
663 2661 734 2727 τοῖς
760 2647 874 2734 λόγοις
896 2652 964 2717 τών
988 2652 1155 2738 κλευρών,

137 2761 195 2842 τῆς
217 2782 252 2824 τε
275 2759 341 2821 ΒΓ
358 2752 442 2841 πρὸς
464 2751 526 2840 τὴν
550 2759 621 2821 ΓΗ
638 2753 776 2841 καὶτῆς
800 2759 871 2821 ΔΓ
887 2752 972 2842 πρὸς
994 2753 1058 2840 τὴν
1083 2760 1156 2824 ΓΕ.

138 2859 210 2929 ἀλλ’
247 2857 265 2927 ὁ
297 2862 355 2946 τῆς
386 2866 422 2927 Κ
451 2859 535 2949 τιρὸς
567 2867 612 2928 M
638 2859 739 2946 λόγος
767 2858 936 2946 σύγκειται
964 2864 1000 2927 ἔκ
1026 2886 1061 2928 τε
1092 2864 1155 2929 τοῦ

84 2988 118 3037 25
137 2971 195 3053 τῆς
224 2973 258 3034 Κ
284 2963 367 3054 πρὸς
390 2972 421 3032 A
443 2965 548 3053 λόγου
574 2967 630 3034 καὶ
657 2970 720 3034 τοῦ
747 2969 806 3051 τῆς
829 2973 861 3032 A
883 2963 967 3054 πρὸς
989 2972 1041 3032 Μ·
1069 2964 1156 3034 ὥστε

137 3074 192 3142 καὶ
224 3071 245 3160 ἡ
275 3080 308 3141 Κ
332 3072 416 3162 πρὸς
443 3071 506 3161 τὴν
534 3080 574 3141 Μ
604 3072 708 3159 λόγον
741 3069 898 3159 ἔχειτὸν
932 3077 1156 3159 συγκείμενον

138 3197 192 3203 ----
208 3197 425 3290 ΚΚΠῙΓΚεου
443 3234 474 3287 in
491 3232 609 3288 Ptolom.
624 3251 651 3302 p.
667 3239 728 3288 235.
764 3233 862 3288 Eutoo.
877 3231 908 3286 in
920 3231 1049 3301 Apollon.
1064 3249 1092 3302 p.
1109 3237 1154 3304 32,

136 3306 174 3360 id.
193 3305 223 3359 in
242 3305 401 3360 Archimed.
421 3304 460 3359 III
478 3323 506 3374 p.
525 3309 585 3372 236,
605 3310 647 3360 23.

209 3472 233 3521 1.
248 3465 349 3534 μείζων
362 3496 393 3504 -
404 3471 433 3518 4:
449 3465 550 3534 μείζων
560 3460 628 3536 ἄρα]
638 3462 734 3518 insert.
747 3462 777 3517 in
785 3479 839 3518 ras.
850 3462 880 3519 F.
938 3469 961 3519 1.
972 3461 1046 3535 PH]
1058 3462 1116 3517 ΠΡ
1123 3462 1154 3519 P.

137 3540 161 3589 2.
181 3535 252 3608 PH]
274 3538 329 3589 ΠΡ
346 3536 376 3591 Ρ.
413 3531 464 3604 τὴν
483 3537 543 3589 ΠΣ
561 3534 597 3591 .V.
688 3531 758 3603 πρὸς
776 3529 841 3605 τήν]
860 3529 930 3604 κρός
952 3533 1034 3603 BFp.
1129 3540 1155 3590 3.

61 3588 131 3714 ρ
