2446 3938
152 173 194 237 58
534 173 737 226 Συουοευεα
756 168 792 227 ε’.

153 317 190 384 δὲ
222 312 306 402 πρὸς
338 312 376 382 τὸ
409 311 491 382 αύτὸ
525 312 629 400 λόγον
659 312 806 402 ἐχόντων
833 338 870 381 το
900 317 1035 400 μείζονα
1063 312 1175 400 λόγον

152 426 230 508 ἔχον
258 418 370 506 μεῖζόν
400 422 499 488 έστιν.
540 426 652 506 μεῖζον
675 418 742 506 ἄρα
764 416 802 487 τὸ
826 427 860 486 Δ
882 423 943 486 τοῦ
967 425 1002 485 Ζ.
1045 416 1175 506 ὁμοίως

154 523 196 612 δὴ
221 527 388 612 δείξομεν,
417 524 468 594 ὅτι
491 521 556 593 κᾶν
580 533 656 594 ίοον
679 516 700 614 ᾖ
724 522 762 593 τὸ
787 533 819 592 Α
840 528 886 618 τῷ
910 529 949 610 Γ,
964 531 1054 593 ’ἴσον
1077 529 1174 594 ἔσται

152 631 209 699 καὶ
232 629 269 700 τὸ
295 639 328 698 Δ
350 634 395 723 τῷ
421 639 457 718 Ζ,
480 627 545 735 ηδν
568 636 717 717 ἔλαττον,
741 634 887 698 ἔλαττον.

116 753 132 803 5
215 735 294 805 Ἐὰν
322 736 389 826 ἄρα
416 729 437 828 ᾖ
465 743 542 826 τρία
571 738 696 824 μεγέθη
725 736 781 804 καὶ
804 734 889 804 ἄλλα
913 732 1027 819 αύτοίς
1050 745 1109 806 ίσα
1130 736 1171 808 τὸ

151 848 297 930 πλῆθος,
326 842 455 911 σύνδυο
483 841 721 928 λαμβανόμενα
743 840 799 908 καὶ
824 842 860 908 έν
883 845 929 932 τῷ
953 838 1043 936 αύτῷ
1067 842 1172 937 λόγῳ,

153 948 198 1020 δι’
225 959 302 1018 ἴσον
330 948 368 1016 δὲ
395 945 432 1015 τὸ
462 950 596 1035 πρῶτον
623 950 684 1014 τοῦ
712 950 828 1034 τρίτου
850 952 962 1033 μεῖζον
985 940 1023 1037 ᾗ,
1051 949 1170 1019 καὶτὸ

151 1058 308 1145 τέταρτον
332 1058 394 1122 τού
418 1054 515 1121 ἕκτου
538 1059 650 1139 μεῖζον
674 1057 776 1139 ἔσται,
799 1047 863 1121 κᾶν
883 1061 970 1140 ίσον,
994 1048 1082 1143 ίσον,
1105 1052 1172 1126 κᾶν

152 1167 301 1248 ἔλαττον,
325 1165 475 1228 ἔλαττον·
513 1156 594 1246 ὅπερ
619 1162 687 1226 ἔδει
711 1159 825 1240 δεῖξαι.

101 1389 134 1437 10
623 1370 693 1440 λα’.

216 1493 304 1563 Ἐὰν
331 1486 353 1583 ᾖ
382 1499 470 1582 τρία
493 1495 642 1582 μεγέθη
666 1495 731 1564 καὶ
753 1493 853 1564 ἄλλα
876 1494 1013 1578 αὐτοῖς
1036 1505 1102 1565 ίσα
1125 1497 1169 1568 τὸ

152 1605 306 1688 πλῆθος
333 1597 485 1668 σύνδυο
513 1600 798 1689 λαμβανόμενα
825 1602 889 1669 καὶ
918 1604 960 1670 έν
986 1607 1036 1695 τῷ
1066 1600 1171 1697 αύτῷ

153 1707 271 1800 λόγῳ,
307 1697 329 1794 ᾖ
368 1705 405 1774 δέ
440 1708 710 1794 τεταραγμένη
744 1706 873 1777 αὐτῶν
905 1706 926 1796 ἡ
958 1708 1172 1798 ἀναλογία,

154 1810 204 1881 δι’
226 1821 317 1880 ίσον
336 1812 378 1880 δὲ
396 1811 438 1880 τὸ
458 1817 615 1900 πρῶτον
632 1817 703 1882 τοῦ
725 1821 862 1903 τρίτου
884 1821 1019 1902 μεῖζον
1041 1802 1078 1905 ᾖ,
1106 1816 1174 1884 καὶ

101 1934 133 1984 15
153 1917 195 1988 τὸ
219 1919 407 2006 τέταρτον
430 1923 500 1987 τοῦ
522 1920 638 1989 ἕκτου
660 1926 943 2023 μείζονιέστατ,
966 1917 1041 1989 κᾶν
1065 1930 1173 2010 ίοον,

153 2033 258 2112 ίσον,
282 2021 355 2093 κᾶν
379 2030 559 2114 ἔλαττον,
584 2012 816 2170 §danway

210 2130 319 2201 Ἔστω
346 2137 423 2220 τρία
450 2133 576 2220 μεγέθη
605 2132 645 2201 τὰ
669 2143 717 2220 Α,
741 2138 842 2219 Β,,Γ
863 2132 920 2200 καὶ
947 2130 1033 2201 ἄλλα
1056 2129 1174 2214 αὐτοῖς

153 2247 209 2306 ίόα
232 2237 270 2308 τὸ
294 2242 425 2326 πλῆθος
447 2237 488 2306 τδι
508 2247 552 2324 Δ,
575 2247 615 2323 Ε,
640 2246 678 2325 Ζ,
703 2238 832 2307 σύνδυο
856 2237 1094 2327 λαμβανόμενα
1115 2240 1174 2306 καὶ

154 2348 190 2414 έν
222 2349 267 2437 τῷ
301 2340 391 2435 αύτῷ
424 2341 531 2435 λόγῳ,
564 2348 647 2412 ἔστω
680 2343 718 2412 δὲ
749 2349 973 2434 τεταραγμένη
1006 2342 1124 2414 αὐτῶν
1151 2343 1173 2432 ἡ

100 2465 135 2516 20
154 2449 328 2538 ἀναλογία,
353 2447 399 2530 ὡς
422 2450 484 2536 μὲν
506 2448 545 2518 τὸ
569 2459 601 2517 A
623 2448 707 2539 πρὸς
728 2449 767 2519 τὸ
787 2458 827 2538 Β,
838 2449 958 2539 Ι,ούτιος
980 2449 1018 2520 τὸ
1037 2458 1069 2519 Ε
1088 2442 1176 2539 πρὸς

153 2557 191 2626 τὸ
217 2564 259 2644 Ζ,
289 2553 335 2636 ὡς
363 2554 403 2623 δὲ
428 2552 465 2622 τὸ
490 2562 518 2623 Β
544 2554 629 2645 πρὸς
650 2555 688 2626 τὸ
713 2563 751 2644 Γ,
780 2555 886 2638 οὕτως
909 2555 946 2626 τδ
971 2566 1005 2626 Δ
1027 2555 1111 2645 πρὸς
1133 2556 1174 2626 τὸ

153 2671 194 2748 Ε,
215 2661 255 2729 δι’
278 2670 356 2730 ίσον
375 2660 413 2729 δὲ
434 2658 472 2728 τὸ
493 2670 525 2729 Α
542 2666 604 2731 τοῦ
622 2669 655 2732 Γ
673 2670 785 2750 μεῖζον
804 2668 900 2732 ἔστω·
929 2666 1026 2751 λέγω,
1046 2661 1097 2732 ὅτι
1116 2664 1174 2732 καὶ

153 2766 191 2835 τὸ
218 2775 251 2832 Δ
273 2769 335 2833 τού
360 2773 387 2833 Ζ
410 2772 522 2853 μεῖζον
546 2773 653 2856 ἔσται,
676 2766 740 2837 κᾶν
765 2777 857 2856 ίσον,
882 2777 968 2855 ίοον,
991 2765 1056 2838 νύν
1080 2773 1175 2837 έλατ-

153 2899 225 2959 τον,
250 2876 397 2942 ἔλαττον.

227 3093 251 3140 1.
274 3080 307 3139 τὸ
335 3079 427 3155 αύτα]
451 3080 521 3140 αύτό
544 3085 605 3158 Βρς
633 3086 662 3141 in
685 3104 703 3158 p
729 3105 761 3142 su
782 3105 814 3144 ra
836 3105 888 3143 sor.
912 3085 953 3145 τό.
1031 3096 1055 3145 2.
1077 3083 1172 3145 έκεῖνο

155 3159 252 3227 μεῖζον
282 3156 379 3212 Theon
409 3157 554 3228 (BFVp).
647 3153 735 3230 ἐστιν]
760 3106 794 3225 δς
820 3176 911 3230 comp.
934 3178 968 3229 μς
997 3154 1055 3215 ἔστι
1082 3158 1173 3214 BFV.

192 3227 300 3298 μεῖζον]
321 3243 391 3283 corr.
411 3244 446 3282 ex
464 3228 566 3298 μείζων
584 3229 617 3284 V.
691 3236 716 3284 3.
736 3227 769 3284 τδ
790 3231 829 3302 Α]
849 3247 906 3302 mg.
920 3248 957 3286 m.
972 3249 1028 3287 rec.
1043 3231 1072 3284 F.
1148 3237 1174 3285 4.
1196 3290 1199 3295 ,

155 3292 207 3368 τό]
227 3314 297 3352 corr.
317 3315 351 3353 ex
369 3299 408 3368 τῷ
427 3297 456 3353 P.
541 3297 672 3368 ἔλασσον,
692 3298 811 3357 ἔλαττον
829 3318 856 3370 p.
943 3308 968 3358 8.
999 3304 1060 3357 ἴσον
1085 3297 1175 3371 ἔσται,

155 3363 211 3423 κᾶν
225 3368 257 3423 P.
313 3374 337 3424 9.
360 3366 485 3436 ἔλασσον,
505 3367 623 3425 ἔλασσον
640 3389 668 3441 p.
725 3379 767 3428 16.
794 3370 925 3442 ἔλαττον,
950 3371 1067 3428 ἔλασσον
1081 3370 1173 3440 FVp.

193 3444 235 3494 1⁷.
286 3456 317 3508 εγ
334 3442 375 3509 δη
403 3434 545 3511 αἷνύλογον
569 3439 716 3512 PBFVp;
745 3460 814 3498 corr.
839 3443 997 3514 Gregorius.
1079 3436 1174 3512 τύ]ε

156 3526 225 3567 corr.
281 3528 316 3565 m.
338 3515 363 3567 2.
447 3517 488 3568 19.
508 3505 545 3583 ἡ]
566 3528 619 3568 om.
640 3513 675 3581 B3
695 3530 775 3570 enan.
794 3514 830 3583 F;
850 3509 887 3578 ὡς
905 3535 936 3583 φ.
1017 3519 1061 3568 22.
1080 3509 1112 3567 τὸ
1133 3514 1175 3587 Α]

71 3586 402 3755 νγζαεοεεηί,
439 3587 483 3667 i:
523 3643 546 3676 =
602 3627 612 3671 ··
