2446 3938
158 197 224 260 364
533 190 796 248 mommsm'.
1117 236 1143 279 ,

158 336 305 420 ἅπαντα,
333 334 374 404 ὃν
402 334 447 423 μὴ
475 350 601 423 μετρεῖ,
629 335 759 423 πρῶτός
786 339 890 405 ἐστιν·
919 338 957 405 οἰ
983 344 1033 422 Ε,
1058 347 1094 405 A
1116 334 1179 425 άρα

158 446 283 528 πρῶτοι
311 442 394 525 πρὸς
422 438 588 527 ἀλλήλους
616 446 712 510 εἰσίν.
755 442 811 509 καὶ
844 442 914 509 ἐπεὶ
943 439 963 511 5
994 450 1030 511 E
1057 442 1123 512 τὸν
1149 452 1181 511 Δ

158 562 282 634 μετρεῖ,
306 553 463 635 μετρείτω
487 546 590 616 αὐτὸν
613 548 697 616 κατὰ
720 548 781 616 τὸν
805 555 844 615 Ζ·
874 545 892 616 5
916 554 949 614 E
969 546 1041 637 άρα
1066 548 1131 617 τὸν
1154 557 1179 617 Ζ

158 651 451 730 πολλαπλασιάσας
477 650 537 719 τὸν
562 660 595 719 Δ
618 658 804 739 πεποίηκεν.
850 650 970 739 πάλιν,
1000 654 1076 723 ἐπεὶ
1106 652 1126 724 5
1151 664 1179 723 A

124 761 219 831 στὸν
243 768 277 827 Δ
299 771 412 845 μετρεῖ
432 757 514 824 κατὰ
539 756 597 837 τὰς
621 760 657 825 ἐν
680 762 725 847 τῷ
748 763 781 826 Γ
808 758 974 845 μονάδας,
1005 757 1026 829 5
1051 770 1087 829 A
1114 760 1178 850 άρα

158 866 219 934 τὸν
247 872 280 933 Γ
302 863 594 943 πολλαπλασιάσας
620 863 681 931 τὸν
705 873 739 930 Δ
761 869 950 951 πεποίηκεν.
997 863 1088 934 άλλὰ
1113 867 1180 954 μὴν

158 973 213 1039 καὶ
237 969 255 1040 5
280 979 312 1038 E
332 969 391 1039 τὸν
416 977 442 1037 Ζ
466 968 759 1050 πολλαπλασιάσας
780 969 841 1037 τὸν
870 978 903 1036 Δ
929 978 1133 1059 πεποίηκεν·
1160 971 1178 1041 5

159 1077 224 1167 άρα
248 1081 373 1146 ἐκτῶν
401 1088 448 1161 A,
468 1083 499 1144 Γ
523 1084 596 1155 ἴσος
623 1077 692 1143 ἐστὶ
716 1079 761 1167 τῷ
786 1077 912 1143 ἐκτῶν
935 1084 981 1163 Ε,
1002 1085 1041 1146 Ζ.
1085 1085 1179 1147 ἔστιν

159 1182 223 1268 άρα
255 1180 299 1261 ὡς
326 1180 345 1250 5
373 1193 405 1251 A
432 1182 516 1271 πρὸς
542 1181 602 1251 τὸν
630 1190 674 1267 Ε,
703 1179 722 1250 5
751 1180 883 1269 Ζπρὸς
905 1180 965 1251 τὸν
993 1190 1033 1253 Γ.
1081 1189 1121 1253 οἱ
1141 1185 1178 1253 δὲ

108 1314 140 1361 10
159 1299 206 1374 A,
226 1297 257 1356 Ε
278 1293 414 1375 πρῶτοι,
438 1292 474 1357 οἰ
494 1289 532 1357 δὲ
555 1293 682 1377 πρῶτοι
704 1288 760 1355 καλ
784 1288 961 1375 ἐλάχιστοι,
984 1291 1022 1357 οἰ
1043 1289 1083 1358 δὲ
1103 1291 1177 1359 ἐλά-

159 1416 265 1483 χιστοι
289 1399 448 1483 μετροῦσι
470 1395 550 1475 τοὺς
567 1394 627 1463 τὸν
647 1392 752 1462 αὐτὸν
770 1394 875 1480 λόγον
899 1399 1037 1482 ἔχοντας
1064 1397 1177 1477 ἰσάκις

159 1500 179 1569 ὅ
206 1528 241 1569 τε
268 1499 456 1587 ἡγούμενος
482 1500 543 1568 τὸν
570 1498 762 1587 ἡγούμενον
789 1502 844 1568 καί
873 1498 890 1568 5
922 1500 1091 1587 ἑπόμενος
1114 1502 1177 1572 τὸν

159 1606 337 1693 ἑπόμενον·
370 1618 484 1692 μετρεῖ
509 1604 574 1692 άρα
603 1603 620 1673 5
649 1614 681 1672 Ε
705 1605 765 1675 τὸν
792 1612 829 1674 Γ.
878 1612 1039 1695 μετρείτω
1068 1607 1179 1677 αὐτὸν

159 1713 241 1780 κατὰ
272 1711 332 1781 τὸν
360 1720 408 1780 Η·
442 1710 459 1781 5
488 1720 520 1779 Ε
547 1711 614 1800 άρα
640 1709 701 1780 τὸν
728 1718 768 1780 Η
790 1712 1087 1796 πολλαπλασιάσας
1116 1713 1178 1785 τὸν

108 1852 139 1899 15
159 1825 192 1887 Γ
213 1824 401 1907 πεποίηκεν.
448 1817 533 1888 άλλά
566 1818 633 1907 μὴν
667 1818 723 1887 διὰ
753 1819 791 1888 τὸ
824 1817 887 1909 πρὸ
915 1818 1042 1888 τούτου
1070 1822 1130 1890 καὶ
1159 1819 1178 1891 5

159 1935 191 1993 A
216 1925 279 1994 τὸν
307 1933 335 1994 Β
364 1926 657 2007 πολλαπλασιάσας
682 1925 744 1994 τὸν
773 1933 805 1994 Γ
827 1930 1016 2011 πεποίηκεν.
1066 1924 1084 1996 5
1111 1928 1178 2017 άρα

160 2035 285 2101 ἐκτῶν
309 2040 403 2118 Α,Β
427 2042 500 2113 ἴσος
523 2034 590 2101 ἐστὶ
613 2036 658 2124 τῷ
684 2035 810 2100 ἐκτῶν
838 2039 882 2118 Ε,
901 2038 944 2100 Η.
988 2038 1083 2102 ἔστιν
1108 2034 1177 2123 άρα

160 2138 205 2220 ὡς
228 2137 246 2208 5
271 2149 303 2206 A
326 2139 409 2226 πρὸς
430 2139 492 2207 τὸν
515 2148 562 2225 Ε,
586 2137 605 2207 5
629 2146 668 2206 Η
687 2136 769 2226 πρὸς
792 2137 852 2207 τὸν
875 2145 914 2206 Β.
960 2141 995 2207 οἰ
1016 2140 1057 2208 δὲ
1081 2151 1127 2229 A,
1148 2150 1179 2210 Ε

159 2251 301 2334 πρῶτοι,
330 2248 365 2312 οἰ
391 2245 428 2312 δὲ
446 2250 572 2333 πρῶτοι
594 2246 650 2312 καλ
674 2243 856 2330 ἐλάχιστοι,
883 2248 919 2311 οἰ
940 2245 978 2313 δὲ
1001 2248 1176 2336 ἐλάχιστοι

107 2384 141 2433 20
160 2352 301 2440 ἀριθμοὶ
328 2355 486 2439 μετροῦσι
509 2350 588 2433 τοὺς
609 2348 670 2418 τὸν
693 2347 799 2418 αὐτὸν
822 2349 926 2437 λόγον
950 2356 1090 2440 ἔχοντας
1115 2354 1178 2424 αὖ·

159 2473 229 2540 τοῖς
265 2458 373 2537 ἰσάκις
405 2457 425 2524 5'
456 2483 490 2524 τε
522 2454 709 2543 ἡγούμενος
740 2455 801 2525 τὸν
832 2453 1026 2545 ἡγούμενον
1059 2462 1120 2529 καὶ
1158 2460 1177 2531 5

161 2565 322 2652 ἑπόμενος
344 2562 404 2632 τὸν
427 2561 604 2649 ἑπόμενον·
641 2576 755 2650 μετρεῖ
774 2562 841 2649 άρα
865 2559 883 2630 5
908 2570 940 2630 Ε
959 2561 1020 2631 τὸν
1044 2573 1083 2634 Β.
1123 2594 1192 2655 με--

160 2676 275 2758 τρείτω
308 2669 412 2738 αὐτὸν
438 2667 521 2737 κατὰ
549 2667 610 2736 τὸν
634 2675 675 2736 Θ·
709 2665 727 2736 5
756 2676 788 2735 Ε
813 2666 880 2757 άρα
907 2668 967 2737 τὸν
995 2677 1024 2738 Θ
1053 2681 1179 2742 πολλα-

160 2777 345 2856 πλασιάσας
367 2775 427 2844 τὸν
451 2784 479 2844 Β
502 2780 690 2860 πεποίηκεν.
731 2773 816 2842 άλλά
838 2774 907 2861 μὴν
929 2777 985 2844 καί
1008 2773 1026 2844 5
1047 2788 1082 2846 A
1100 2780 1179 2849 ἔαυ-

107 2915 142 2965 25
162 2880 222 2950 τὸν
245 2880 537 2962 πολλαπλασιάσας
560 2881 621 2950 τὸν
645 2889 673 2950 Β
697 2889 889 2967 πεποίηκεν·
914 2879 931 2950 5
956 2880 1022 2971 άρα
1046 2886 1084 2952 ἐκ
1106 2891 1179 2955 τῶν

161 2997 205 3076 Ε,
225 2995 253 3056 Θ
276 2997 348 3068 ἴσος
375 2989 443 3057 ἐστὶ
471 2992 516 3081 τῷ
544 2986 610 3056 άπὸ
638 2992 700 3057 τοῦ
727 2998 768 3057 A.
810 2993 900 3056 ἔστιν
929 2989 994 3077 άρα
1022 2986 1070 3071 ὥς
1099 2989 1118 3060 5
1149 3000 1181 3061 E

83 3140 86 3145 ·
159 3098 243 3187 πρὸς
265 3094 325 3164 τὸν
349 3105 395 3181 A,
426 3092 444 3162 5
469 3103 500 3162 A
523 3094 607 3182 πρὸς
630 3094 691 3162 τὸν
714 3102 750 3163 Θ.
797 3098 832 3163 οἰ
854 3095 892 3163 δὲ
916 3105 962 3182 A,
982 3103 1015 3163 Ε
1034 3102 1180 3186 πρῶτοι,

161 3207 196 3271 οἰ
217 3203 255 3272 δὲ
277 3206 403 3292 πρῶτοι
426 3200 481 3268 καὶ
505 3198 684 3286 ἐλάχιστοι,
710 3202 745 3267 οἰ
766 3199 803 3267 δὲ
823 3199 989 3288 ἐλάχιστοι
1013 3208 1178 3293 μετροῦσι

161 3309 241 3387 τοὺς
263 3309 323 3378 τὸν
343 3305 448 3376 αὐτὸν
471 3306 576 3393 λόγον
603 3311 740 3393 ἔχοντας
763 3304 871 3386 ἰσάκις
894 3305 966 3375 ὅτε
985 3305 1180 3398 ἡγούμενος

160 3418 373 3429 --———--

231 3455 256 3503 2.
276 3449 330 3504 εἰσι
348 3451 410 3518 Vm.
475 3455 500 3504 4.
519 3453 658 3517 πεποίηκε
679 3449 740 3517 ch.
801 3456 825 3504 9.
853 3443 942 3512 οὕτως
964 3445 979 3504 5
1002 3449 1075 3506 ZB.
1135 3460 1179 3510 10.

161 3514 191 3571 οἱ
208 3517 238 3572 δὲ
260 3515 414 3590 ἐλάχιστοι]
434 3538 470 3574 m.
490 3526 505 3574 2
526 3520 556 3572 Β.
614 3527 656 3575 11.
676 3517 738 3591 τόν]
754 3537 807 3575 om.
823 3519 854 3576 B.
912 3526 952 3574 12.
973 3521 1131 3592 τε]λαεαε.
1148 3547 1180 3595 φ.

71 3640 175 3699 ..ι-ι’
