2446 3938
528 188 730 240 ΣΤΟΙΧΕΙΩΝ
748 184 793 242 θ’.

628 381 693 449 u6‘.

214 504 303 574 Ἐἀυ
326 502 400 574 ἀπὸ
425 504 566 594 ἀρτίου
590 503 767 594 ἀριθμοῦ
791 505 928 594 ἄρτιος
948 505 1179 600 ἀφαιρεθῇ,

150 610 168 680 6
193 613 332 694 λοιπὸς
354 611 491 701 ἀρτιος
515 618 635 680 ἔσται.

214 717 291 788 Ἀιιὸ
316 719 381 806 γὰρ
404 717 522 807 ἀρτίου
545 723 606 788 τοῦ
624 727 689 787 ΑΒ
709 718 823 809 ἀρτιος
842 717 1042 809 ἀφῃρήσθω
1065 721 1085 791 6
1108 729 1178 792 ΒΓ·

115 829 252 913 σλέγω,
277 825 328 894 ὅτι
352 822 370 894 6
393 824 510 907 λοιπὸς
534 823 551 894 6
577 833 638 894 ΓΑ
660 825 775 914 ἀρτιός
799 827 899 894 ἐστιν.

213 930 302 1000 Ἐπεὶ
330 930 394 1019 γάρ
423 930 441 1000 6
470 940 535 1000 AB
564 931 679 1019 ἀρτιός
703 934 809 1016 ἐστιν,
837 936 904 1017 ἔχει
931 933 1041 1021 μέρος
1065 933 1177 1022 ἥμισυ.

150 1041 207 1105 διὰ
234 1037 274 1106 τά
303 1036 387 1106 αὐτὰ
417 1037 459 1125 δὴ
487 1038 542 1105 καὶ
571 1036 589 1105 6
618 1044 684 1105 ΒΓ
709 1042 774 1125 ἔχει
803 1037 903 1124 μέρος
930 1034 1058 1124 ἥμισυ·
1095 1039 1177 1110 ὥστε

150 1145 205 1211 καὶ
238 1143 354 1224 λοιπὸς
382 1140 415 1228 [6
444 1149 505 1211 ΓΑ
532 1148 598 1231 ἔχει
630 1145 730 1230 μέρος
761 1141 878 1230 ήμισυ]
917 1141 1037 1230 ἀρτιος
1070 1145 1175 1234 [ἀρα]

152 1250 243 1318 ἐστὶν
267 1247 285 1317 6
310 1257 387 1318 ΑΓ·
412 1248 493 1336 ὅπερ
517 1254 585 1318 ἔδει
609 1251 723 1331 δείξαι.

98 1487 131 1535 10
629 1487 687 1530 κε.

214 1581 301 1651 Ἐἀυ
325 1581 399 1652 ἀπὸ
425 1581 567 1673 ἀρτίου
590 1582 770 1674 ἀριθμοῦ
792 1584 985 1673 περισσὸς
1004 1585 1177 1679 ἀφαιρε-

149 1695 218 1778 θῇ,
243 1688 260 1758 6
286 1689 425 1772 λοιπὸς
447 1690 639 1780 περισσὸς
661 1697 781 1762 ἔσται.

212 1795 291 1866 Ἀπὸ
319 1797 384 1885 γὰρ
414 1796 532 1886 ἀρτίου
560 1803 713 1866 tofi-AB
742 1797 900 1888 περισσὸς
929 1797 1133 1889 ἀφῃρήσθω
1158 1800 1174 1870 6

149 1910 225 1971 ΒΓ·
248 1905 351 1991 λέγω,
375 1903 427 1973 ὅτι
450 1903 468 1973 6
493 1905 611 1986 λοιπὸς
634 1903 652 1974 6
677 1911 737 1973 ΓΑ
760 1906 919 1992 περισσός
942 1908 1049 1976 ἐστιν.

97 2035 131 2083 16
214 2008 418 2101 Ἀφῃρήσθω
441 2010 506 2101 γάρ
529 2009 595 2081 ἀπὸ
619 2016 680 2080 τοῦ
704 2018 772 2080 ΒΓ
789 2010 895 2099 μουάς
918 2009 938 2099 ἡ
963 2019 1042 2080 ΓΔ·
1071 2013 1091 2084 6
1113 2023 1179 2084 AB

148 2118 215 2204 ἀρα
248 2115 364 2206 ἀρτιός
396 2121 497 2190 ἐστιν.
548 2123 617 2186 ἔστι
650 2117 688 2186 66
719 2119 775 2186 καὶ
809 2115 826 2187 6
855 2125 921 2186 ΑΒ
950 2117 1088 2208 ἄρτιος·
1122 2123 1178 2191 καὶ

148 2222 265 2304 λοιπὸς
298 2223 365 2314 ἀρα
394 2222 412 2293 6
441 2232 513 2292 ΑΔ
541 2223 655 2313 ἀρτιός
683 2226 784 2293 ἐστιν.
828 2229 889 2293 καί
913 2227 982 2294 ἐστι
1016 2227 1132 2314 μουάς
1159 2227 1179 2316 ἡ

149 2337 231 2398 ΓΔ·
256 2327 274 2398 6
299 2336 360 2398 ΓΑ
383 2327 448 2418 ἀρα
471 2329 628 2417 περισσός
651 2332 757 2398 ἐστιν·
781 2331 862 2420 ὅπερ
886 2334 954 2399 ἔδει
978 2333 1102 2414 δεῖξαι.

626 2526 692 2596 κε’.

95 2673 130 2722 20
214 2647 302 2717 Ἐἀυ
325 2645 400 2718 ἀπὸ
424 2652 616 2736 περισσοῦ
638 2628 815 2739 ἀριθμοῦ
837 2649 1026 2739 περισσὸς
1045 2649 1172 2742 ἀφαι.

149 2759 263 2843 ρεθή,
288 2751 306 2822 6
330 2753 469 2835 λοιπὸς
491 2753 628 2843 ἄρτιος
651 2759 769 2824 ἔσται.

213 2858 292 2927 Ἀπὸ
324 2858 388 2949 ῃάρ
416 2865 578 2948 περισσοῦ
605 2865 667 2929 τοῦ
695 2869 761 2930 ΑΒ
788 2860 946 2951 περισσὸς
975 2860 1181 2955 ἀφῃρήσθω

150 2965 167 3036 6
193 2972 268 3034 ΒΓ·
291 2968 393 3055 λέγω,
418 2968 469 3036 ὅτι
493 2965 511 3036 6
536 2966 652 3048 λοιπὸς
676 2964 694 3036 6
718 2973 780 3036 ΓΑ
803 2967 918 3056 ἀρτιός
940 2970 1043 3038 ἐστιν.

220 3171 245 3219 4.
265 3159 427 3234 ἀφῃρήσθω
447 3158 591 3251 ἀρτιοςΡ.
666 3170 691 3219 5.
712 3165 774 3236 ΓΑ]
796 3132 902 3221 ΓΡ..
942 3162 1074 3221 ἔσταιῖ,
1156 3177 1182 3226 7,

148 3239 204 3289 ΒΓ
239 3218 338 3289 6136.
411 3229 702 3320 som-mov]
723 3252 777 3290 om
803 3237 835 3291 Ρ.
909 3235 971 3308 ΓΑ]
998 3251 1014 3291 e
1042 3253 1120 3296 corr.
1147 3243 1181 3299 v

148 3302 205 3372 ἀρα
243 3321 298 3362 om
317 3305 348 3359 P.
440 3311 465 3359 9.
484 3299 554 3391 ὅπερ
574 3303 634 3360 ἔδει
657 3307 763 3379 δεῖξαι]
788 3324 843 3362 om.
861 3306 947 3392 BVq.
1042 3315 1088 3366 11.
1110 3313 1183 3369 Post

148 3373 280 3441 περισσός
299 3375 363 3431 add.
382 3375 417 3430 P·
436 3371 560 3446 ἀριθμός
580 3379 724 3447 (eompm)
765 3383 806 3431 14.
827 3371 921 3449 ὅτι]
904 3398 949 3432 οτι
967 3380 1021 3432 καί
1037 3378 1073 3434 V.
1138 3391 1181 3440 15

148 3442 181 3514 6]
202 3462 258 3513 seq.
278 3464 333 3503 ras
353 3445 444 3502 2166
464 3447 494 3502 P
570 3454 612 3504 16
633 3446 692 3503 ἔστι
711 3424 856 3504 66-1'1.
876 3445 965 3520 ἐστιν]
984 3449 1083 3520 bisP,
1105 3471 1180 3510 corr

149 3533 185 3570 m.
208 3521 230 3568 1.
288 3510 330 3573 16“
352 3514 427 3588 ἔστι]
449 3516 566 3572 ἔστιυΡ.
625 3527 666 3576 17.
686 3515 833 3591 ἐςστιν]Ρ
858 3536 949 3588 comp.
969 3520 1004 3586 F;
1032 3493 1096 3578 ἔστι
1117 3525 1181 3596 Vq
