2446 3938
368 178 643 237 anuuuuroauu
660 183 769 237 urana
786 185 833 236 Ἦ.
1070 185 1113 260 95

104 338 164 412 sub
211 335 310 412 'uitus
340 335 488 430 aequalia
515 335 618 410 latera
642 335 840 411 subtendent
864 342 902 430 [I,
919 345 965 428 4].
1006 345 1117 428 itaque

102 369 257 530 lain
272 483 313 506 =
333 458 449 538 Ara,
472 456 615 529 [ΔΗΖ
631 482 672 505 =
688 456 799 517 aaz.
836 431 988 529 lemma
1010 456 1122 517 ΑΖΗ

103 591 147 614 ==
162 563 269 625 ΑΓΒ.
307 583 405 645 quare
429 560 527 625 etiam
545 565 609 636 LA
615 561 675 623 ΓΒ
687 589 728 612 =
740 563 850 624 AZE.
887 561 1116 644 supposuimus

103 670 227 751 autem,
250 688 319 732 esse
339 667 438 731 etiam
457 669 650 743 LBAF=
665 670 734 730 ΒΛ
741 671 776 730 Ζ.
813 667 923 749 itaque
943 667 1041 730 etiam
1061 665 1116 750 qui

101 774 297 859 relinquitur
320 774 460 858 angulus
487 772 529 838 ad
552 777 580 838 Β
608 773 750 857 positus,
772 772 897 858 reliquo
926 773 1046 857 angulo
1076 772 1116 837 ad

102 885 136 946 E
155 864 264 965 posito
289 879 434 964 aequalis
458 882 508 944 est
532 878 571 964 [1,
590 879 657 960 32].
698 878 809 963 iaque
832 879 989 962 trianguli
1008 880 1118 962 ΑΒΓ,

103 991 204 1052 ΔΕΖ
226 986 434 1072 aequianguli
458 990 541 1050 sunt.

171 1091 263 1178 Ergo
288 1093 316 1158 si
338 1093 401 1157 duo
424 1092 582 1177 trianguli
605 1114 706 1157 unum
733 1093 890 1177 angulum
912 1092 969 1155 uni
997 1091 1116 1176 angulo

104 1201 270 1284 aequalem
306 1199 431 1289 habent
463 1201 496 1263 et
527 1198 630 1262 latera
663 1199 816 1282 aequales
854 1198 993 1282 angulos
1031 1219 1116 1262 oom-

101 1305 338 1391 prehendentia
360 1304 634 1390 proportionalia,
665 1303 873 1390 aequianguli
896 1307 990 1368 erunt
1017 1303 1117 1368 trian-

104 1412 173 1500 guli
204 1416 237 1477 et
265 1434 320 1478 eos
349 1412 486 1498 angulos
518 1412 669 1496 aequales
700 1411 882 1494 habebunt,
911 1411 970 1476 sub
999 1411 1116 1494 quibus

103 1518 389 1603 eorrespondentia
411 1519 514 1582 latera
538 1513 748 1604 suthendunt3
778 1516 865 1603 quod
892 1520 962 1582 erat
985 1515 1116 1582 demon-

105 1625 282 1691 strandum.

573 1727 648 1796 Vll.

173 1833 207 1900 si
231 1835 294 1901 duo
317 1835 473 1921 trianguli
492 1857 593 1899 unum
612 1837 766 1921 angulum
785 1837 842 1900 uni
861 1836 980 1921 angulo
1001 1858 1117 1922 aequa·

103 1944 169 2008 lem
193 1943 317 2008 habent
339 1945 374 2007 et
395 1942 501 2007 latera
524 1942 607 2006 alios
632 1942 712 2006 duos
744 1943 882 2028 angulos
906 1943 1115 2028 eomprehen-

104 2049 215 2114 dentia
245 2048 503 2133 proportionalia
540 2051 572 2112 et
608 2048 752 2132 reliquos
791 2049 927 2131 angulos
971 2049 1116 2133 singulos

104 2157 202 2222 simul
229 2159 286 2220 aut
315 2155 457 2219 minores
487 2158 543 2220 aut
572 2176 639 2219 non
662 2153 804 2219 minores
827 2157 929 2232 reato,
959 2155 1117 2239 trianguli

104 2260 311 2346 aequianguli
339 2263 434 2325 erunt
457 2263 489 2324 et
512 2272 570 2326 eos
592 2260 731 2343 angulos
761 2260 911 2345 aequales
939 2260 1118 2345 habebunt,

104 2391 186 2455 quos
209 2369 313 2434 latera
335 2367 593 2453 proportionalia
617 2366 904 2452 comprehendunt.

519 2470 592 2538 sna
615 2456 679 2538 alo
706 2474 863 2558 erengus
885 2475 995 2558 ΑΒΓ,
1016 2478 1117 2538 ΑΕΖ

217 2626 222 2631 .
266 2507 424 2941 'Q
451 2600 551 2642 unum
566 2581 720 2664 angulum
735 2579 792 2643 uni
812 2580 932 2663 angulo
948 2581 1117 2664 aequalem

451 2684 620 2769 habentes,
634 2691 655 2761 L
669 2689 773 2750 ΒΑΓ
783 2717 825 2738 =
840 2691 909 2751 ΒΔ
915 2690 951 2770 Z,
967 2689 1000 2751 et
1013 2687 1118 2751 latera

412 2911 438 2969 la

452 2790 534 2856 alios
557 2791 638 2856 duos
652 2793 792 2876 angulos
811 2793 1117 2878 comprehendentia

450 2899 714 2982 proportionalia,
723 2903 788 2962 AB
803 2922 811 2963 t
825 2903 854 2962 Β
859 2901 940 2963 F=
951 2905 1035 2965 AB:
1045 2904 1118 2986 EZ,

453 3007 486 3069 et
521 3004 663 3088 reliquos
701 3006 847 3090 angulos,
884 3007 939 3088 qui
970 3007 1011 3070 ad
1033 3009 1116 3089 Γ,Ζ

296 3114 336 3176 fl
451 3110 552 3192 positi
563 3114 648 3194 sunt,
657 3111 747 3194 prius
759 3111 905 3196 singulos
916 3112 1012 3176 simul
1027 3115 1116 3177 reato

103 2925 133 2982 B

103 3301 157 3341 om.
176 3305 206 3356 p.
280 3290 303 3340 ’1.
322 3286 378 3356 τῷ]
396 3281 428 3340 τό
447 3284 477 3339 Ρ.
551 3286 607 3367 τῷ]
627 3303 642 3340 e
662 3303 731 3342 eorr.
750 3286 781 3342 P.
855 3292 879 3340 8.
901 3282 976 3357 ἐστι’]
996 3281 1072 3340 ἐστίν
1086 3287 1117 3356 Ρ,

103 3373 194 3427 comp.
222 3375 249 3427 p.
342 3362 384 3411 19.
405 3353 542 3413 ἐλάττονα
570 3357 614 3411 bra
637 3357 669 3412 P.
709 3357 790 3430 Prius
813 3351 957 3438 ,ἐλάσσονα
984 3373 1052 3412 oorr.
1084 3374 1118 3412 ex

103 3425 221 3483 ἔλασσον
245 3445 282 3483 m.
306 3433 322 3482 2
346 3426 378 3481 P.
456 3434 498 3483 23.
523 3429 573 3503 μιᾷ
597 3430 698 3502 γωνίᾳ]
722 3429 834 3498 punetrs
856 3430 946 3483 notat.
969 3429 1000 3482 Β.
1073 3435 1115 3482 24.

103 3500 206 3571 ΕΔΖ]
224 3516 298 3588 ⁸oorr.
320 3515 354 3552 ex
372 3502 456 3554 ΔΕΖ
473 3517 510 3553 m.
529 3516 584 3556 reo.
602 3499 633 3554 P.
678 3568 684 3588 μ
714 3499 810 3569 ΑΒΓ]
831 3502 914 3553 ΒΑΓ
930 3519 964 3568 φ;
988 3503 1070 3552 ΑΒΔ
1087 3517 1119 3567 p.
1152 3520 1155 3525 ·

138 3577 181 3628 25.
200 3590 253 3640 την
272 3571 343 3642 ΒΓ]
362 3573 418 3624 ΒΓ
432 3569 515 3640 ΒΒΡ.
589 3576 632 3626 26.
651 3591 703 3641 την
723 3570 792 3641 ΕΖ]
814 3572 865 3625 ΕΖ
883 3569 966 3639 BPp.
