2446 3938
148 190 215 250 414
276 136 282 146 '
527 192 727 243 ΣΤΟΙΧΕΙΩΝ
745 187 789 245 θ’.

148 338 192 413 A,
213 337 257 415 Β,
282 337 324 415 Γ,
349 339 398 415 Δ,
421 336 467 413 Ε,
491 336 572 415 ΘΚ,
597 338 642 415 A,
668 338 710 397 Μ
733 331 789 396 καὶ
818 335 875 417 τῆς
901 331 1060 418 μονάδος.
1112 336 1165 401 καί

149 437 284 524 ἐδείχθη
309 436 328 504 ὁ
352 443 512 516 ΖΗτοϊς
535 445 582 521 A,
602 445 646 519 B,
666 443 708 521 Γ,
733 446 780 521 Δ,
804 444 848 522 Ε,
871 445 954 523 ΘΚ,
979 445 1025 524 A,
1049 442 1165 507 Μκαὶ

148 546 188 629 τῇ
207 547 331 628 μονάδι
351 552 431 622 ίσος.
467 544 591 621 τέλειος
614 542 651 610 δὲ
674 539 820 628 ἀριθμός
843 546 933 610 ἐστιν
957 541 975 610 ὁ
1000 558 1072 624 τοῖς
1095 546 1166 613 ἑαν-

148 654 210 716 τοῦ
233 652 368 737 μέρεσιν
392 658 464 729 ίοος
488 649 550 717 ίίν·
577 651 701 727 τέλειος
724 647 788 728 ἄρα
812 650 902 717 ἐστίν
927 647 945 718 ὁ
975 657 1055 716 ΖΗ·
1085 652 1166 739 ὅπερ

113 758 217 822 ὁέὂει
241 758 355 836 δεῖξαι.

221 974 245 1022 1.
259 973 292 1037 A,
306 970 355 1040 M]
369 970 464 1023 insert.
479 969 590 1023 Μὴ]
609 970 662 1023 fine
681 969 728 1022 lin.
743 970 778 1035 F3
802 969 856 1038 leg.
877 988 912 1024 m.
934 977 947 1024 1
967 969 997 1023 in
1017 969 1078 1023 init.
1099 986 1167 1039 seq,

149 1039 204 1092 del.
233 1057 270 1095 m.
300 1048 324 1093 2.
366 1042 435 1094 Post
462 1037 587 1108 μονάδος
614 1041 677 1094 add.
705 1042 815 1094 Theon:
844 1037 874 1094 οί
894 1044 930 1108 A,
954 1044 989 1105 Β,
1014 1044 1050 1105 Γ,
1075 1046 1113 1101 Δ,
1133 1045 1168 1108 Ε,

151 1112 218 1173 ΘΚ,
237 1114 274 1179 A,
294 1115 331 1164 M
344 1107 400 1177 ἄρα
419 1106 503 1179 μόνοι
521 1112 570 1164 καὶ
588 1106 606 1179 ἡ
625 1108 715 1179 μονὰς
733 1112 866 1180 μετροῦσι
884 1108 935 1164 τὸν
955 1114 1012 1164 ΖΗ
1029 1112 1166 1181 (BFVq).

148 1182 181 1235 In
204 1182 272 1236 fine:
296 1177 454 1236 Εὐκλείδου
480 1184 623 1251 στοιχείων
645 1178 680 1235 θ’
705 1183 741 1245 Ρ,
765 1177 924 1236 Εὐκλείδου
950 1186 1095 1251 στοιχείων
1118 1186 1174 1251 τῆς.

151 1250 263 1314 Θέωνος
283 1249 358 1307 ίκδο.
394 1250 429 1306 θ’
449 1253 479 1307 F.
